2060 3250
954 225 1208 268 -6,-

331 340 565 385 audientes
598 339 887 384 delectabant
905 340 949 396 ¹)
996 339 1142 394 Iones,
1174 355 1273 384 cum
1303 339 1486 384 Homeri
1517 338 1716 383 carmina
1741 333 1935 403 nom?

332 411 419 453 iam
442 410 766 464 recitabantur,
801 409 854 454 de
877 411 1169 453 barbarorum
1190 408 1490 454 celeberrimis
1522 408 1644 453 illius
1665 406 1837 453 aetatis
1853 394 2005 463 ,g³‚[j2·5†³·‘1

332 480 514 537 regibus
547 479 802 523 delectandi
833 494 967 523 causa
997 478 1176 522 fabulas
1206 479 1467 523 narrabant.
1529 478 1618 522 iam
1648 475 1757 536 quid
1779 475 1847 540 ins*
1939 491 1942 493 ’
2013 471 2017 481 ”

331 549 556 594 narrando
589 551 824 607 spectabat
856 548 1047 607 volgus?
1091 548 1146 592 de
1187 563 1343 628 regum
1384 549 1516 594 rebus
1561 547 1704 606 gestis
1733 559 1836 591 nar·
1883 564 1892 604 s
1943 551 1958 594 ζ

332 634 434 664 lare
465 620 590 678 volgi
633 635 722 663 non
763 620 1010 673 intererat,
1059 618 1136 663 sed
1178 618 1233 662 de
1274 618 1329 662 iis
1373 619 1531 673 rebus,
1577 631 1710 676 quas,
1756 615 1838 676 qni
1881 658 1889 683 ,¹
1958 633 1968 639 ·

331 689 600 743 audiebant,
646 705 700 733 ex
748 704 827 732 sua
873 689 972 733 vita
1018 688 1284 746 intellegere
1330 690 1569 746 poterant,
1616 685 1672 731 de
1708 685 1836 743 fatis,

332 760 492 818 quibus
525 759 611 817 ipsi
643 760 1050 812 commovebantur,
1095 757 1149 802 de
1189 758 1321 802 rebus
1364 757 1535 800 intimis
1578 758 1718 815 atque
1745 754 1839 815 pri-
1867 815 1870 818 ἦ

332 829 467 883 vatis,
501 844 555 873 ex
587 829 747 886 quibus
779 828 991 883 homines,
1024 843 1113 871 non
1145 842 1273 887 reges
1305 829 1704 884 cognoscerentur:
1727 819 1882 884 quas

333 899 510 942 ratione
544 913 598 941 ex
629 897 823 942 historia
853 898 992 941 fiebat
1022 897 1251 954 fabe11a2).

446 967 515 1011 De
547 967 717 1011 talibus
748 966 930 1011 fabellis
962 969 1018 1010 ab
1041 966 1272 1011 Herodoto
1303 966 1501 1010 narratis
1529 964 1840 1024 quaestionem

331 1038 590 1083 habebimus
621 1052 711 1082 non
742 1037 789 1080 id
821 1039 1077 1094 spectantes
1109 1036 1217 1095 quid
1247 1052 1297 1080 re
1317 1050 1426 1080 vera
1446 1037 1619 1080 factum
1649 1034 1724 1084 sit.
1757 1032 1837 1087 sed

332 1107 457 1166 quali
488 1111 588 1151 arte
620 1109 676 1151 ab
707 1106 938 1151 Herodoto
969 1110 1203 1151 narratum
1236 1107 1308 1150 sit.
1360 1120 1463 1149 nam
1493 1120 1582 1149 non
1602 1102 1732 1148 modo
1757 1102 1836 1163 qui

332 1180 568 1235 poetarum
599 1178 798 1221 carmina
827 1177 1197 1235 pronuntiabant,
1243 1190 1324 1219 sua
1363 1174 1578 1220 narrandi
1609 1177 1709 1218 arte
1738 1175 1838 1218 utae-

332 1248 514 1300 bantur,
548 1247 625 1291 sed
656 1247 794 1290 etiam
816 1246 1097 1290 fabulatores
1129 1261 1209 1289 sua
1230 1245 1407 1289 ratione
1438 1247 1576 1302 atque
1600 1246 1713 1298 arte,
1746 1242 1841 1288 suis

343 1317 554 1360 formulis
586 1319 854 1370 narrabant,
896 1331 1011 1374 quae
1051 1316 1149 1360 iure
1184 1316 1356 1373 „leges“
1391 1314 1651 1360 nominatae
1680 1309 1878 1371 sunt').‚
2014 1299 2044 1355 ’μ

448 1387 691 1431 Rationem
722 1390 859 1444 atque
891 1389 1048 1441 artem,
1081 1400 1170 1444 qua
1200 1385 1395 1429 fabellae
1419 1383 1706 1428 Herodoteae
1726 1396 1839 1428 nar·
1899 1391 1902 1394 '

333 1460 462 1501 ratae
496 1457 600 1511 sint,
646 1456 954 1500 demonstrare
986 1456 1244 1500 conabimur
1275 1469 1448 1512 semper
1489 1453 1535 1497 id
1567 1453 1838 1511 spectantes,

459 1612 494 1655 1)
520 1610 748 1655 Quamquam
774 1610 826 1645 nil
855 1610 947 1645 certi
972 1609 1017 1645 de
1042 1609 1111 1645 hoc
1137 1608 1387 1645 fabulatorum
1414 1607 1542 1644 ordine
1568 1604 1747 1643 traditum
1771 1608 1844 1651 est,

333 1674 456 1706 tamen
482 1680 564 1705 eum
590 1669 704 1705 fuisse
745 1680 789 1705 ex
825 1669 1008 1705 nonnullis
1043 1669 1259 1714 posterioris
1298 1668 1431 1704 aetatis
1469 1666 1688 1703 testimoniis
1725 1670 1764 1702 et
1795 1674 1843 1702 ex

336 1730 491 1765 aliarum
517 1729 707 1765 nationum
733 1728 971 1764 similitudine
997 1727 1216 1764 concludere
1240 1737 1444 1773 possumus.
1497 1736 1586 1771 quos
1614 1724 1843 1761 fabulatores

336 1790 538 1835 (λογοποιοί)
563 1793 687 1824 aetate
722 1788 953 1824 hellenistica
979 1788 1114 1830 mimis,
1141 1787 1402 1830 histrionibus,
1437 1785 1574 1822 scurris
1608 1786 1734 1831 (μῖμοι,
1759 1783 1841 1832 ἠδο-

338 1850 446 1895 λόγοι,
485 1849 742 1894 θαυματοποιοί,
778 1849 1012 1894 γελωτοποιοί)
1049 1851 1225 1893 cognatos
1250 1846 1366 1883 fuisse
1392 1845 1520 1882 Rohde
1546 1844 1716 1891 exposuit
1747 1843 1843 1891 (Der

336 1909 471 1954 griech.
510 1908 679 1952 Roman²,
716 1908 805 1953 Lpz.
835 1911 926 1944 1900
951 1919 986 1953 p.
1013 1909 1110 1953 591).
1169 1907 1383 1951 quibuscum
1419 1904 1587 1941 conferas
1622 1902 1843 1949 aret-alogos,

336 1969 398 2013 qui
424 1967 551 2004 eodem
576 1967 682 2004 modo
709 1979 783 2013 eos,
811 1968 873 2012 qui
899 1967 1118 2012 audiebant,
1156 1967 1317 2003 narratis
1355 1966 1491 2002 fabulis
1517 1964 1752 2001 delectabant
1775 1961 1841 2011 (d.

336 2028 599 2072 Reitzenstein,
627 2028 819 2064 Hellenist.
847 2027 1163 2072 Wundererzahl„
1192 2027 1282 2072 Lpz.
1313 2028 1424 2071 19073
1449 2027 1618 2071 p.8sq.).
1668 2024 1762 2062 tales
1786 2023 1843 2062 far
1902 2014 1906 2018 ⁷
1946 2012 1954 2019 ⁶

338 2088 537 2129 bulatores‚
563 2098 585 2122 a
612 2087 742 2132 quibus
767 2087 926 2123 fabellas
952 2090 1122 2123 narratas
1149 2096 1230 2122 esse
1255 2083 1433 2131 fingimus,
1469 2085 1579 2121 etiam
1616 2083 1716 2130 apud
1749 2083 1843 2120 alias

337 2147 504 2183 nationes
545 2146 806 2191 cognoscimus.
866 2145 1042 2181 nonnulla
1075 2147 1447 2180 commemoraverunt
1489 2142 1534 2179 de
1570 2141 1843 2179 fabulatoribus
1915 2181 1918 2185 ,
1968 2179 1971 2181 ,
2004 2135 2022 2197 ,⁵

338 2207 554 2243 Persarum:
591 2205 634 2242 E.
661 2205 808 2252 Meyer,
842 2205 872 2240 F
875 2205 994 2240 orsch.
1029 2205 1064 2240 ΙΙ
1089 2216 1125 2250 p.
1151 2207 1222 2240 236
1239 2215 1293 2249 sq.
1329 2202 1392 2250 (cf.
1418 2202 1595 2247 Noldeke,
1624 2200 1780 2238 Grundr.
1803 2200 1842 2238 d.

338 2267 432 2303 iran.
457 2266 590 2302 Philol.
618 2266 690 2311 11);
716 2265 989 2301 Hebraeorum:
1025 2264 1181 2308 Gunkel,
1213 2262 1453 2299 Handkomm.
1479 2274 1510 2297 z.
1537 2262 1601 2298 alt.
1626 2261 1786 2298 Testem.
1811 2261 1842 2297 1.

339 2326 458 2362 Getta
486 2328 578 2362 1910
605 2337 639 2371 p.
665 2328 732 2371 315
766 2324 1064 2361 Germanorumz-
1089 2323 1199 2368 Paul,
1235 2322 1392 2359 Grundr.
1428 2321 1462 2357 d.
1489 2331 1599 2367 germ.
1627 2320 1720 2357 Phil.
1746 2321 1783 2357 11
1810 2323 1841 2366 1,

338 2398 373 2432 p.
411 2388 491 2421 733.
551 2384 720 2421 conferas
759 2384 870 2420 etiam
906 2383 1136 2419 fabulatores
1174 2381 1284 2418 medii
1325 2382 1424 2425 aevi,
1463 2381 1525 2426 qui
1558 2379 1843 2426 appellabantur

340 2445 555 2492 „spilman“‚
594 2444 809 2491 „spiliman“
843 2447 956 2488 atque
994 2446 1231 2488 opponuntur
1266 2442 1385 2487 poetis
1424 2441 1481 2476 vel
1518 2439 1740 2483 cantoribus,
1779 2438 1844 2484 qui

338 2504 622 2540 nominabantur
649 2504 786 2550 „scof“,
814 2502 991 2549 „liudari“
1033 2501 1096 2547 (cf.
1134 2500 1414 2545 Wackernagel,
1451 2500 1582 2536 Gesch.
1617 2498 1652 2534 d.
1676 2497 1842 2536 deutsoh.

338 2565 457 2609 Lim,
483 2564 593 2600 Basel
622 2566 712 2599 1879
738 2564 757 2610 ς
783 2565 840 2606 42,
867 2564 924 2606 43,
950 2564 1008 2607 44,
1035 2563 1108 2608 66).

458 2626 494 2670 2)
514 2623 702 2659 Fabellam
720 2622 813 2666 dico,
832 2632 939 2666 quam
957 2625 1123 2657 recentes
1141 2620 1330 2666 appellant
1342 2618 1535 2666 „Novelle“
1555 2622 1593 2654 et
1607 2617 1840 2663 „marchena

435 2685 497 2728 ’3)
525 2684 589 2718 Vir
616 2682 847 2718 doctissimus
873 2681 1034 2717 Danicus
1062 2679 1256 2716 nonnullas
1281 2679 1399 2724 leges,
1439 2677 1570 2723 quibus
1609 2676 1840 2714 fabulatores

341 2744 379 2779 in
404 2742 599 2778 narrandis
637 2741 773 2778 fabulis
810 2745 974 2786 utantur,
1017 2740 1154 2786 optime
1190 2739 1341 2784 exponit
1378 2737 1489 2783 (Axel
1526 2736 1643 2782 Oli-ik,
1681 2735 1842 2782 Epiache

341 2803 495 2839 Gesetze
521 2801 587 2838 der
612 2800 914 2846 Volksdichtung‚
950 2800 1025 2836 Zts.
1061 2799 1087 2834 f.
1122 2798 1241 2835 dtsch.
1265 2798 1339 2833 Alt.
1367 2799 1410 2833 51
1437 2809 1474 2843 p.
1504 2800 1519 2831 1
1547 2807 1623 2841 sq.;
1657 2795 1706 2832 cf.
1730 2795 1846 2833 eund

341 2862 491 2899 Danske
518 2860 676 2898 Studier.
708 2862 810 2905 1908,
837 2861 1005 2905 69-89).
1057 2858 1159 2895 Alios
1185 2858 1299 2894 libros
1326 2867 1392 2893 suo
1419 2856 1569 2892 afferam
1594 2855 1687 2893 loco.
1891 2850 1907 2858 ’“
