1962 3178
859 250 1147 294 -62—

253 366 510 409 decrescens
545 368 776 410 structura
806 364 1039 409 Herodoto
1074 365 1124 409 in
1153 365 1326 411 deliciis
1369 371 1451 421 est,
1497 381 1599 412 nam
1643 366 1760 414 dilus·
1794 375 1802 386 ‘

251 435 352 478 cida
382 435 443 479 sit
479 439 616 493 atque
648 435 863 479 facillime
893 436 950 478 ab
971 434 1257 480 audientibus
1288 436 1587 495 intellegatur
1617 441 1758 496 atque

250 505 409 548 animis
440 506 720 563 percipiatur
752 508 932 563 oportet
963 505 1146 549 fabulae
1179 509 1421 551 structura.

367 574 550 619 Maximi
583 576 795 619 momenti
836 576 882 618 in
913 575 1079 619 fabulis
1122 590 1149 620 a
1194 576 1329 634 volgo
1373 578 1572 622 narratis
1614 577 1756 623 talem

251 660 346 689 esse
368 649 653 699 structuram,
687 660 800 703 quae
822 645 957 689 facile
977 646 1033 688 ab
1055 645 1342 690 audientibus
1363 646 1573 706 intellegi
1593 648 1752 707 possit,

251 715 387 759 etiam
435 731 488 759 ex
534 715 700 759 fabulis
748 715 964 758 Hebraeis
1004 714 1186 759 Veteris
1227 715 1509 760 Testamenti
1553 716 1758 762 videmus

251 786 323 839 (cf.
357 785 550 838 Gunkel,
583 801 623 841 p.
658 785 744 839 34).
806 785 917 828 satis
961 788 1140 829 constat
1183 785 1230 828 in
1274 785 1454 829 fabellis
1498 785 1757 844 saepissime

251 855 446 898 inveniri
496 855 589 898 tria
647 856 843 898 membra
894 855 1093 912 repetita
1108 855 1152 911 ¹).
1225 854 1422 899 dilucida
1471 855 1525 899 fit
1574 854 1759 901 fabulae

251 928 492 976 structura,
526 924 563 967 si
595 924 783 981 simplex
816 928 897 978 est,
931 925 969 967 si
999 923 1278 968 audientium
1318 925 1454 968 animi
1494 940 1583 969 non
1626 939 1756 971 aver·

249 998 413 1037 tuntur
434 994 700 1038 intermissis
723 994 825 1037 aliis
847 996 991 1038 rebus.
1036 994 1224 1052 simplex
1253 995 1422 1048 fabula,
1455 995 1579 1039 cuius
1601 998 1759 1053 partes

250 1064 370 1107 inter
401 1080 447 1107 se
478 1063 799 1121 respondentes
832 1064 904 1107 vel
935 1063 1275 1121 progredientes
1319 1065 1535 1109 facillime
1565 1065 1757 1123 percipi·

249 1137 401 1188 untur,
443 1134 577 1177 facile
618 1134 917 1190 intellegitur.
979 1134 1354 1191 simplicissimum
1397 1138 1466 1178 est
1508 1150 1644 1179 unum
1683 1148 1757 1180 ar-

249 1206 510 1260 gumentum
551 1203 686 1247 nullis
734 1204 1037 1261 interruptum
1086 1203 1200 1247 aliis.
1263 1203 1489 1247 difficilius
1535 1204 1609 1259 fit,
1655 1219 1757 1248 cum

249 1273 335 1316 duo
368 1277 504 1330 atque
536 1273 668 1331 plura
700 1274 820 1317 inter
864 1288 909 1316 se
946 1273 1199 1330 pugnantia
1244 1276 1519 1317 structuram
1561 1273 1757 1319 reddant

250 1342 550 1387 artificiorem.
612 1358 726 1401 quae
757 1359 854 1386 cum
898 1343 965 1386 ita
1006 1343 1110 1397 sint,
1158 1343 1377 1401 quomodo
1421 1347 1579 1387 narrat
1609 1343 1756 1390 Herm·

249 1412 417 1456 dotus?
469 1413 718 1471 exemplum
750 1414 903 1456 affero.
966 1413 1118 1470 Atyos
1164 1429 1282 1456 mors
1326 1413 1471 1456 tribus
1502 1415 1634 1459 rebus
1664 1413 1756 1458 effi-

250 1483 388 1526 citur:
426 1484 466 1537 1)
490 1482 641 1526 Croesi
675 1484 810 1526 timor
842 1482 1067 1526 tollendus
1100 1486 1182 1538 est,
1217 1484 1262 1539 2)
1293 1483 1520 1527 Adrastus
1542 1483 1757 1528 iniuriam

250 1553 512 1610 expiaturus
544 1557 625 1607 est,
671 1554 714 1607 3)
747 1553 879 1610 Mysi,
921 1557 974 1596 ut
1004 1554 1130 1610 Atys
1164 1568 1309 1597 secum
1342 1556 1588 1597 venaturus
1618 1552 1753 1612 profi-

251 1623 457 1676 ciscatur,
491 1627 666 1681 petunt.
731 1623 985 1667 Herodotus
1018 1623 1170 1667 eodem
1201 1623 1343 1677 modo,
1377 1639 1464 1681 quo
1487 1637 1624 1681 supra
1654 1638 1754 1667 eum
1780 1661 1785 1667 .

251 1693 401 1749 plures
433 1693 603 1737 duabus
634 1708 844 1750 personas
877 1693 1182 1751 colloquentes
1224 1692 1509 1737 inducentem
1547 1692 1754 1748 vidimus,

250 1778 355 1805 usus
387 1763 579 1807 alteram
610 1779 702 1806 rem
733 1768 890 1807 narrat
922 1767 1026 1820 post
1056 1763 1268 1821 primam,
1315 1764 1500 1806 tertiam
1541 1767 1646 1821 post
1690 1763 1755 1807 al-

250 1835 395 1875 teram
427 1832 593 1886 eodem,
626 1849 712 1891 quo
744 1835 894 1877 factae
927 1837 1031 1876 sunt
1067 1832 1235 1876 ordine.
1298 1833 1391 1876 alia
1420 1848 1510 1876 non
1540 1835 1756 1877 narratur

251 1902 381 1946 iuxta
411 1903 560 1956 aliam,
594 1918 682 1946 non
714 1918 862 1947 omnes
904 1904 1073 1946 mixtae
1116 1906 1246 1957 sunt,
1293 1903 1370 1946 sed
1413 1903 1504 1946 alia
1550 1903 1755 1962 sequitur

250 1972 397 2015 aliam.
459 1973 534 2016 ubi
566 1973 803 2016 Periandri
834 1973 920 2017 duo
952 1973 1035 2016 filii
1066 1972 1243 2016 domum
1275 1974 1576 2027 reverterunt,
1608 1973 1755 2016 minor

251 2046 375 2095 natu,
420 2045 477 2086 ab
509 2058 593 2086 avo
626 2044 855 2097 incitatuS,
900 2045 954 2087 ob
997 2043 1155 2086 matris
1196 2058 1347 2087 necem
1388 2044 1532 2086 iratus
1564 2057 1591 2086 a
1622 2045 1755 2101 patre

252 2111 380 2155 domo
413 2113 657 2170 expellitur
701 2114 805 2166 (III,
840 2114 924 2169 50).
985 2114 1075 2156 iam
1117 2113 1199 2156 hoc
1242 2113 1370 2170 pulso
1411 2112 1660 2157 Periander
1699 2127 1755 2156 ex

251 2182 446 2224 fratrum
477 2187 589 2226 natu
620 2184 799 2235 maiore,
844 2198 957 2240 quae
989 2197 1098 2227 avus
1131 2197 1228 2225 cum
1261 2182 1366 2225 filiis
1398 2182 1647 2226 collocutus
1678 2171 1752 2237 s'it,

252 2252 444 2308 quaerit.
491 2268 636 2296 nonne
658 2253 816 2296 mirum
838 2257 908 2296 est
939 2255 1115 2309 patrem
1131 2251 1321 2309 primum
1353 2251 1577 2309 expellere
1596 2251 1752 2306 filium,

253 2320 411 2364 deinde
444 2337 557 2379 quae
589 2322 649 2366 sit
692 2337 826 2366 causa
867 2323 961 2365 irae
1006 2322 1201 2365 alterum
1247 2321 1568 2378 interrogare?
1614 2321 1754 2364 etiam

251 2390 323 2434 hic
355 2391 540 2435 duorum
572 2395 950 2449 argumentorum,
985 2406 1099 2450 quae
1130 2391 1274 2435 mixta
1305 2406 1399 2434 esse
1430 2394 1752 2448 exspectamus,

375 2544 408 2585 l)
435 2541 476 2576 In
504 2541 670 2586 plurimis
696 2542 841 2577 fabellis
868 2547 925 2576 ter
950 2540 1102 2576 eandem
1139 2550 1215 2575 rem
1241 2539 1287 2574 ab
1314 2539 1436 2583 aliquo
1464 2539 1602 2584 suscipi
1627 2543 1752 2575 notum

253 2604 319 2642 est,
348 2601 408 2644 qui
435 2605 490 2635 ter
517 2601 573 2636 vel
601 2601 656 2636 bis
685 2602 822 2636 frustra
849 2606 1013 2643 conatur,
1052 2604 1221 2644 quartum
1259 2599 1316 2634 vel
1354 2599 1502 2634 tertium
1541 2598 1754 2643 exsequitur

254 2669 338 2694 rem.
391 2660 495 2695 Olrik
531 2661 623 2695 hanc
650 2661 765 2706 legem
806 2660 968 2695 nominat
994 2659 1126 2695 Gesetz
1162 2657 1227 2694 der
1252 2656 1541 2701 Wiederholung
1567 2658 1617 2703 (p.
1643 2659 1676 2702 3,
1701 2658 1752 2704 4).

253 2718 317 2753 sed
344 2719 543 2754 notandum
569 2726 624 2755 est
650 2720 740 2755 hoc:
780 2721 817 2755 in
844 2719 988 2755 fabellis
1014 2728 1158 2764 semper
1184 2717 1264 2753 fere
1290 2721 1347 2752 ter
1373 2717 1480 2761 plane
1518 2715 1667 2753 eaedem
1692 2727 1753 2754 res

254 2784 481 2823 repetuntur,
508 2791 579 2815 non
599 2781 808 2824 variantur3
835 2780 902 2814 hoc
919 2777 1107 2814 Herodoto
1126 2778 1216 2813 satis
1234 2787 1306 2812 non
1332 2781 1407 2812 est:
1427 2787 1570 2821 semper
1594 2786 1655 2812 res
1680 2787 1754 2812 non

254 2836 359 2872 modo
395 2844 623 2883 repetuntur,
657 2838 720 2874 sed
756 2839 865 2874 etiam
905 2838 1103 2882 variantur,
1141 2835 1324 2882 gradatim
1364 2834 1650 2880 progrediuntur
1687 2834 1752 2881 (cf.

254 2896 356 2931 Olrik
383 2909 416 2942 p.
444 2900 492 2942 4).
