1962 3178
963 183 1251 228 -64-

358 302 464 346 ordo
481 302 523 356 ¹)
586 300 704 360 quod
735 303 888 359 potest
918 300 1030 355 fieri,
1062 300 1100 344 si
1131 300 1280 345 altera
1308 299 1491 346 fabulae
1518 313 1651 360 pun
1651 287 1660 306 ³
1783 290 1793 305 ⁷
1836 302 1843 307 ”

356 372 547 415 alteram
589 375 726 429 atque
770 370 974 428 singulae
1017 373 1170 428 partes
1209 372 1494 429 tantopere
1603 393 1643 409 ··-
1645 370 1699 431 J
1814 370 1834 378 ”

356 446 407 485 ut
438 441 628 486 alterius
659 442 791 485 finem
822 440 1011 484 alterius
1043 440 1225 484 initium
1255 439 1466 499 exeipiat
1531 439 1633 487 1οὸ

355 514 512 555 narrat
543 510 799 555 Herodotus
831 510 1002 554 duabus
1032 510 1214 555 fabulae
1244 509 1452 568 partibus

355 595 464 639 quas
495 579 649 624 eodem
680 584 880 638 tempore
912 580 1059 623 factas
1103 594 1199 624 esse
1231 579 1472 637 fingimus?
1522 575 1858 645 mnupffi'fbe

355 652 624 694 monstrabo
685 650 830 693 Arion
860 664 887 693 a
916 650 1069 693 nautis
1099 652 1280 693 coactus
1311 648 1511 694 desilit
1497 665 1545 694 ιπ
1573 650 1723 702 w
1746 659 1858 768 ψ

355 721 477 764 facto
523 724 680 763 nostra
731 719 922 763 interest
967 718 1124 763 audire
1168 719 1360 777 primum
1404 718 1624 778 quomodo
1663 712 1858 776 &kd
1853 773 1864 781 ‘

355 790 498 833 Arion
531 793 750 842 servetur,
782 787 943 832 deinde
982 788 1091 847 quid
1128 789 1298 833 facturi
1341 789 1433 833 sint
1474 790 1657 836 natutae
1713 773 1857 844 m

355 859 486 902 dotus
517 863 680 903 nautas
712 859 819 902 navi
850 858 1116 902 Corinthum
1146 858 1374 916 profectos
1406 873 1502 904 esse
1530 861 1704 907 πειτα·.
1735 858 1859 932 quffl

357 930 500 986 igitur
530 932 687 973 nostra
730 929 922 972 interest
964 927 1134 981 audire,
1180 927 1399 986 quomodo
1431 928 1698 975 Corinthum
1724 941 1859 977 tm-

356 999 480 1042 rint?
531 1014 630 1042 cum
659 998 831 1042 Arione
863 998 1007 1055 igitur
1037 1002 1218 1042 servato
1249 997 1517 1043 Corinthum
1560 998 1857 1058 pervenimus,

354 1068 558 1112 audimus
581 1068 795 1112 Arionem
817 1083 916 1112 cum
935 1067 1183 1111 Periandro
1205 1067 1547 1126 colloquentem,
1568 1070 1668 1114 tum
1689 1071 1859 1115 nautae

355 1139 625 1196 perveniunt
656 1142 703 1182 et
733 1153 831 1181 cum
863 1138 1034 1181 Arione
1073 1138 1237 1180 iterum
1268 1137 1479 1195 coniungi
1516 1140 1719 1196 possunt.
1778 1137 1858 1186 du-

355 1224 480 1252 arum
512 1209 654 1266 igitur
685 1223 847 1261 rerum,
881 1222 995 1265 quae
1026 1206 1179 1250 eodem
1210 1210 1411 1264 tempore
1450 1207 1604 1252 santae
1643 1209 1763 1263 eunt,
1803 1221 1861 1254 οε

354 1282 578 1331 narratur,
612 1292 725 1335 quae
757 1276 937 1320 maioris
970 1277 1182 1320 momenti
1205 1280 1287 1330 est,
1320 1275 1510 1320 alterius
1531 1275 1860 1335 excogitandae

356 1363 490 1392 ansae
522 1347 740 1405 quaedam
771 1346 938 1390 dantur
956 1346 1255 1390 audientibus.
1300 1345 1424 1390 aliud
1446 1346 1698 1406 exemplum
1716 1347 1859 1392 affero

357 1419 437 1462 hoc.
470 1418 522 1470 (Ι,
555 1418 650 1469 43):
694 1419 930 1474 postquam
962 1415 1189 1460 Adrastus
1220 1416 1368 1472 Atym
1400 1415 1646 1470 interfecit,
1677 1417 1858 1462 narrari

356 1492 541 1545 possunt
575 1492 654 1529 aut
686 1487 747 1541 (a)
779 1485 969 1529 Adrasti
1001 1485 1129 1529 dolor
1168 1489 1215 1529 et
1254 1485 1446 1529 omnium
1476 1484 1650 1530 reditus
1681 1488 1764 1531 aut
1794 1485 1858 1543 (b)

356 1557 540 1599 nuntius
572 1571 598 1598 a
631 1571 758 1598 servo
781 1555 947 1598 Croeso
969 1555 1150 1608 allatus,
1184 1554 1303 1613 quod
1325 1569 1482 1599 revera
1502 1557 1730 1610 narratur,
1750 1555 1860 1614 quia

357 1627 456 1684 plus
489 1626 624 1669 valet.

472 1695 558 1739 Sed
591 1694 698 1752 quid
729 1694 794 1746 fit,
829 1695 865 1737 si
896 1697 1088 1752 utraque
1110 1695 1291 1739 fabulae
1312 1709 1416 1752 pars
1449 1694 1646 1740 eiusdem
1676 1698 1747 1740 est
1767 1709 1859 1740 mo-

356 1766 519 1809 menti.
509 1768 528 1794 ²
575 1766 690 1809 falso
722 1765 903 1808 Smerde
935 1765 1114 1808 detecto
1147 1768 1319 1822 septem
1350 1764 1589 1809 Persarum
1634 1765 1860 1825 principes

355 1835 640 1878 interfecturi
687 1850 837 1891 regem
882 1834 1231 1877 coniuraverunt
1277 1834 1383 1888 (ΙΙΙ,
1428 1835 1486 1877 70
1527 1836 1624 1892 sq.).
1697 1835 1860 1892 quibus

478 1989 511 2028 l)
539 1986 697 2020 Similem
724 1984 899 2020 narrandi
924 1985 1104 2020 rationem
1130 1985 1239 2020 etiam
1267 1985 1303 2020 in
1337 1986 1419 2021 aliis
1444 1984 1582 2022 fabulis
1606 1996 1635 2022 a
1656 1986 1761 2033 volgo
1786 1975 1869 2034 14²1·-=

353 2045 459 2080 matis
486 2044 659 2079 usitatam
697 2043 858 2080 videmus
897 2054 977 2080 esse
1003 2043 1048 2079 cf.
1077 2044 1325 2088 Wesshausen,
1365 2045 1388 2081 Ι.
1413 2045 1747 2091 1.p.39:.1)u
1763 2043 1859 2087 db

353 2105 422 2140 soll
450 2104 517 2139 auf
540 2105 645 2139 einen
671 2103 750 2149 Tag
777 2103 890 2140 fallen
916 2103 991 2139 und
1017 2104 1110 2139 noch
1147 2102 1258 2147 dazu,
1295 2105 1362 2140 wie
1397 2115 1436 2140 es
1460 2103 1624 2150 senciat,
1656 2102 1739 2142 unf-
1749 2104 1857 2142 ineu

353 2163 491 2199 Sabbat
518 2164 566 2209 (1,
581 2164 663 2208 21),
699 2174 745 2198 an
785 2162 866 2199 dem
886 2162 985 2199 doch
1020 2162 1080 2199 die
1106 2163 1256 2199 Fischer
1276 2163 1341 2198 ihr
1365 2162 1539 2199 Gewerbe
1564 2162 1668 2204 nicht
1691 2162 1858 2201 ausuben

353 2222 523 2259 durften¹⁴
554 2251 560 2257 .
663 2223 735 2267 „Es
762 2221 907 2258 werden
926 2222 1099 2258 vielmehr
1125 2222 1277 2267 gewisse
1301 2219 1477 2258 stehende
1492 2220 1713 2270 Hauptzuge
1735 2222 1856 2259 seinos

354 2282 478 2327 (Jesu)
504 2251 604 2318 Tuus
630 2281 705 2318 und
731 2282 908 2318 Treibens
934 2282 1036 2317 nicht
1061 2282 1286 2325 statistisch,
1321 2279 1478 2316 sondern
1510 2278 1707 2317 historisch
1731 2291 1856 2328 vorge-

355 2341 458 2377 fubrt
494 2341 568 2377 und
605 2343 641 2377 in
680 2341 749 2377 den
781 2340 929 2386 Anfang
965 2339 1372 2386 zusammengedrangt:
1413 2338 1472 2375 die
1497 2338 1715 2386 Begleitung
1738 2339 1856 2378 durch

351 2401 501 2446 Junger,
529 2402 624 2438 ohne
649 2401 707 2437 die
734 2411 775 2436 er
800 2410 859 2436 am
885 2399 1032 2445 Anfang
1065 2399 1167 2435 nicht
1191 2398 1347 2444 gedacht
1373 2395 1518 2434 werden
1542 2397 1652 2444 kann,
1678 2398 1738 2435 die
1762 2400 1854 2437 Ver·

350 2460 522 2505 einigung
546 2471 615 2496 von
643 2460 788 2496 Lehren
813 2458 888 2495 und
913 2458 1054 2502 Heilen,
1085 2456 1152 2494 der
1175 2457 1368 2502 gewaltige
1393 2456 1539 2501 Zulaun
1566 2457 1636 2494 den
1661 2469 1703 2494 er
1727 2458 1853 2505 findet,

350 2519 416 2555 das
443 2516 794 2564 Wanderpredigeu‚
833 2516 1011 2554 nachdem
1048 2526 1088 2552 er
1126 2516 1235 2552 kaum
1270 2513 1340 2550 den
1367 2515 1446 2551 Fuss
1484 2517 1575 2552 nach
1617 2517 1852 2563 Kapernaum

351 2583 504 2623 gesetzt,
531 2577 590 2613 die
615 2578 747 2614 hochst
772 2573 1038 2612 bezeichnende
1065 2574 1175 2615 Sitte,
1211 2573 1248 2609 in
1283 2573 1350 2609 der
1374 2574 1494 2610 Nacht
1520 2575 1609 2612 oder
1634 2586 1693 2612 am
1718 2575 1852 2615 friihen

349 2637 504 2682 Morgen
528 2635 588 2671 fiir
613 2636 690 2672 sich
716 2635 827 2670 ailein
852 2644 899 2670 an
926 2634 1042 2668 einem
1067 2633 1252 2668 cinnamon
1277 2632 1367 2669 Orte
1395 2644 1440 2668 zu
1466 2634 1608 2670 beten“.
1635 2655 1681 2661 —
1706 2641 1851 2673 constat

349 2703 516 2739 magnam
543 2704 700 2739 pugnam
726 2694 772 2728 ab
799 2693 957 2728 Homero
996 2691 1171 2727 traditam
1206 2692 1252 2727 ab
1279 2690 1467 2728 undecimo
1503 2703 1619 2739 usque
1644 2694 1691 2731 ad
1715 2694 1850 2733 duode-

349 2742 557 2789 rieesimum
583 2751 708 2787 Iliadis
742 2751 875 2786 librum
907 2762 980 2786 uno
1019 2749 1078 2785 die
1114 2749 1249 2785 factam
1287 2761 1367 2786 esse
1406 2754 1550 2787 narrari
1588 2753 1651 2798 (cf.
1691 2754 1847 2801 Finder,

349 2822 384 2856 p.
411 2812 508 2856 483).
