2002 3224
965 220 1136 263 -46
1197 245 1253 253 --

365 338 591 395 cognovit.
638 335 782 380 simile
801 334 972 394 aliquid
1003 338 1217 379 narratur
1246 335 1294 380 in
1315 336 1532 391 oratione,
1563 349 1698 396 quam
1725 334 1864 382 habet

363 407 559 465 pastoris
590 421 705 450 uxor
732 405 784 459 (Ι,
819 406 919 460 112)
962 408 1009 448 et
1055 404 1101 448 in
1132 404 1286 449 Croesi
1325 407 1463 464 atque
1493 404 1684 452 Adrasti
1724 404 1862 451 orati-

364 476 519 519 onibus
553 476 606 529 (Ι,
624 476 693 521 41
717 475 801 529 42).
846 474 1102 518 orationum
1122 475 1379 520 ubertatem
1397 474 1704 533 cognoscimus
1723 473 1864 521 etiam

363 562 416 590 ex
448 545 549 588 aliis
581 544 817 603 exemplis
858 558 1045 602 qu01um
1088 542 1305 587 nonnulla
1346 542 1547 590 afferam.
1605 557 1866 605 stamme

362 615 478 659 enim
510 615 609 673 ipsa
639 613 856 657 oiationis
890 627 1057 656 summa
1090 612 1136 655 in
1168 612 1253 656 fine
1284 612 1434 671 posita
1465 615 1547 657 est.
1602 613 1867 673 pnnnq'nfln

364 684 473 729 haec
504 686 883 736 commemoretur,
916 695 1074 726 causae
1107 684 1364 725 narrantur.
1410 681 1532 739 Mysi
1562 679 1761 728 narratis
1782 697 1860 728 -re-

363 755 466 801 bus,
514 767 627 811 quae
672 753 821 796 factae.
868 754 998 804 sunt,
1042 751 1261 795 auxilium
1303 753 1467 808 petunt
1511 751 1566 807 (Ι,
1599 750 1693 809 36);
1738 750 1864 811 Atys

362 823 516 867 Croesi
549 822 776 866 sententia
816 822 1022 865 refutata
1053 821 1270 864 somnium
1311 835 1392 865 sua
1433 820 1764 879 interpretatus
1793 834 1865 867 ra·

362 892 485 935 tione
517 896 693 949 patrem
724 894 882 948 rogat:
928 894 1058 946 μέθες
1097 907 1147 949 με
1181 891 1234 946 (Ι,
1274 890 1348 946 39)
1391 893 1438 934 et
1484 890 1699 946 Croesus,
1742 892 1865 950 post-

359 976 491 1020 quam
523 961 733 1019 probavit
764 961 848 1004 filii
879 960 1325 1018 interpretationem,
1368 959 1502 1004 dicit:
1535 954 1778 1020 μετὶημϊσε
1807 959 1863 1019 (Ι,

362 1031 451 1086 40).
502 1030 729 1075 Adrastus
761 1045 850 1073 non
882 1030 1025 1073 solum
1057 1046 1103 1074 se
1131 1032 1341 1087 paratum
1373 1045 1469 1074 esse
1499 1029 1625 1085 dicit,
1657 1029 1735 1075 sed
1764 1043 1866 1075 cau·

361 1115 509 1145 sarum
541 1100 654 1144 alias
686 1101 881 1144 afferens
913 1099 1026 1143 alias
1058 1100 1263 1143 refutans
1296 1099 1448 1157 paucis
1494 1099 1644 1144 verbis
1686 1100 1735 1144 in
1776 1099 1866 1144 flue

360 1171 519 1228 positis
551 1171 694 1228 ipsam
727 1185 819 1213 rem
850 1169 1053 1212 nominat
1084 1169 1137 1225 (I,
1160 1168 1247 1225 42).
1299 1169 1410 1212 item
1430 1169 1557 1226 Atys
1586 1184 1677 1214 non
1704 1168 1864 1214 statim

358 1240 613 1296 interrogat
646 1238 700 1282 de
732 1253 869 1282 causa
897 1253 1041 1296 neque
1074 1242 1249 1295 patrem
1289 1241 1448 1295 rogat,
1493 1237 1572 1282 sed
1610 1239 1863 1298 postquam,

358 1313 635 1367 quantopere
666 1308 812 1366 patris
844 1307 1033 1352 cautelis
1049 1299 1258 1351 ‘afflictus
1290 1310 1419 1361 esset,
1460 1307 1669 1366 exposuit
1698 1307 1754 1366 (Ι,
1776 1307 1864 1366 37).

358 1393 488 1436 saepe
519 1394 608 1421 non
641 1378 751 1422 satis
783 1380 852 1421 est
884 1391 1039 1422 causas
1069 1378 1246 1431 afferre,
1279 1376 1357 1421 sed
1388 1377 1606 1423 orationis
1636 1377 1864 1436 prooemio

360 1448 549 1492 alterius
582 1448 879 1506 colloquentis
912 1447 1058 1491 oratio
1102 1447 1303 1492 breviter
1344 1447 1570 1504 repetitur
1613 1446 1698 1492 vel·
1733 1461 1867 1506 saepe
1906 1467 1916 1476 ·

358 1518 585 1596 particula
613 1522 692 1574 [ἀρ
724 1518 774 1572 is,
807 1517 886 1575 qui
916 1517 1130 1575 loquitur,
1165 1532 1408 1561 sermonem
1430 1520 1616 1561 excusat
1637 1516 1710 1573 (cf.
1734 1515 1865 1563 Stein

359 1587 406 1631 in
437 1587 588 1631 adnot.
621 1587 679 1630 ad
709 1587 745 1631 Ι
769 1588 920 1642 8,10).
984 1602 1038 1630 ex
1071 1587 1272 1630 omnibus
1304 1586 1518 1644 exemplis
1549 1601 1578 1630 a
1606 1601 1678 1631 me
1706 1585 1864 1637 allatis

361 1657 587 1701 orationes
619 1659 878 1700 consuetum
911 1659 1047 1714 atque
1078 1656 1355 1700 cotidianum
1397 1671 1643 1700 sermonem
1684 1655 1867 1701 minime

359 1726 560 1770 redolere
604 1726 922 1783 cognoscimus.
983 1727 1175 1770 affectus
1219 1725 1288 1769 his
1335 1726 1615 1770 orationibus
1659 1740 1750 1770 non
1789 1724 1864 1771 de-

360 1796 494 1839 scribi
526 1811 580 1839 ex
611 1796 665 1839 iis
697 1799 1045 1839 consentaneum
1075 1798 1158 1845 est,
1202 1809 1317 1853 quae
1360 1809 1496 1853 supra
1538 1795 1593 1839 de
1636 1794 1866 1840 hominum

358 1866 595 1909 affectibus
627 1865 831 1918 diximus,
865 1865 1030 1923 quippe
1060 1865 1138 1922 qui
1184 1880 1238 1909 ex
1270 1866 1404 1908 rebus
1435 1865 1578 1922 gestis
1620 1865 1734 1909 satis
1763 1879 1864 1924 per·
1923 1901 1928 1906 .

359 1935 598 1993 cipiantur.
671 1949 910 1992 personae,
958 1949 1225 1992 quamquam
1268 1935 1495 1978 orationes
1538 1934 1708 1979 habent
1752 1936 1865 1980 bene

362 2007 629 2058 exstructas,
673 2009 825 2048 tamen
864 2004 1054 2062 simplici
1086 2005 1263 2048 ratione
1307 2007 1444 2063 atque
1474 2007 1575 2049 arte
1605 2004 1866 2063 loquuntur.

359 2090 437 2118 rex
469 2079 604 2131 atque
637 2077 813 2131 pastor,
857 2074 1116 2118 adulescens
1148 2078 1286 2132 atque
1326 2090 1483 2128 seneX‚
1527 2074 1696 2119 femina
1725 2076 1864 2134 atque

358 2144 431 2188 vir
462 2143 615 2187 eodem
646 2143 788 2197 modo,
831 2143 987 2187 iisdem
1020 2144 1299 2187 orationibus
1343 2145 1454 2188 bene
1497 2144 1756 2202 compositis
1797 2144 1882 2189 lo·-

359 2217 570 2271 quuntur.
642 2213 919 2270 singulorum
961 2213 1188 2257 hominum
1231 2214 1482 2268 orationes,
1528 2228 1643 2272 quae
1686 2213 1865 2260 dicendi
1943 2217 1946 2220 ”

360 2287 459 2327 arte
490 2284 611 2327 inter
653 2298 698 2326 se
740 2298 829 2326 non
860 2283 1177 2327 discernuntur
1209 2309 1263 2315 —-
1294 2283 1383 2327 nisi
1426 2284 1664 2328 sententiis
1706 2284 1863 2329 allatis

360 2353 598 2396 suadentes
621 2353 819 2396 homines
843 2353 1120 2410 significatos
1153 2368 1248 2397 esse
1279 2353 1427 2397 dicere
1458 2353 1572 2398 velis
1593 2379 1663 2408 —,
1695 2353 1863 2399 similes

359 2426 477 2466 sunt.
530 2437 643 2480 quae
666 2423 938 2479 parsimonia
968 2439 1058 2467 non
1089 2426 1185 2467 tam
1215 2423 1362 2467 virtus
1395 2429 1463 2467 est
1495 2437 1628 2482 quam
1647 2423 1864 2469 narrandi

359 2492 471 2535 artis
503 2492 623 2535 haud
664 2492 774 2535 satis
819 2492 1026 2536 excultae
1057 2492 1383 2537 documentum.
1444 2493 1703 2538 Herodotus
1745 2493 1864 2538 enim

358 2564 495 2619 atque
527 2562 819 2616 fabulatores,
862 2576 889 2604 a
918 2563 1080 2620 quibus
1112 2562 1303 2606 fabellas
1335 2563 1522 2620 accepit,
1567 2559 1700 2607 rudes
1730 2565 1863 2607 erant

359 2630 666 2687 distinguendi
697 2632 866 2675 colores
899 2635 1035 2690 atque
1080 2631 1334 2690 explicandi
1377 2633 1581 2686 affectus,
1627 2631 1705 2677 sed
1746 2633 1862 2691 peri-

357 2700 518 2742 tissimi
552 2704 681 2744 erant
713 2702 824 2745 artis
857 2702 1085 2745 narrandi.
1147 2702 1253 2760 quia
1282 2701 1479 2746 fabellae
1519 2701 1628 2746 illae
1669 2717 1760 2746 non
1797 2701 1862 2746 le-

356 2771 591 2826 gebantur,
627 2770 702 2814 sed
734 2772 1055 2826 recitabantur,
1088 2771 1315 2815 hominum
1345 2772 1536 2816 affectus
1579 2771 1860 2817 orationibus
