2060 3250
306 167 329 195 ,7
340 166 398 214 ᾗ*
400 163 451 196 ''''

658 254 834 270 -
893 237 947 281 19
1008 262 1064 270 ..-

527 272 538 281 N
567 285 576 297 Ι
604 284 634 289 γ’

223 361 318 418 φ’
361 353 501 393 ι’Μιτϊ
541 353 598 399 de
628 353 820 412 singulis
861 353 1063 411 personis
1093 352 1408 412 quaesivimus,
1447 352 1538 396 iam
1568 366 1676 411 quo-

252 479 334 506 Ἤ
289 447 294 461 2
336 428 343 435 ’
370 424 584 484 amplures
604 423 866 468 coniunctas
887 421 1074 467 inducat
1094 421 1352 467 Herodotus
1383 420 1676 480 spectandum

190 570 262 622 ²¹„
292 599 304 627 ;
359 595 361 599 -
395 564 556 623 regina
601 562 829 618 secundas,
873 562 1033 621 Gyges
1071 526 1235 607 tertias
1274 564 1429 620 partes
1473 561 1693 613 obtinere
1697 570 1720 587 ³

86 682 96 690 ⁴
141 670 147 677 .
232 634 274 678 {7¹2
355 633 517 681 videri.
580 633 658 678 sed
687 633 824 677 aliter
854 647 926 677 res
957 647 1004 677 se
1033 631 1193 678 habet.
1224 646 1316 676 non
1345 632 1384 675 is
1414 634 1485 676 est
1515 646 1677 687 πρωτα-

374 705 487 763 ,qui
505 718 677 748 summa
698 703 848 748 utitur
868 705 1112 762 potestate,
1142 701 1221 747 sed
1241 701 1297 746 de
1317 716 1405 760 quo
1436 701 1678 760 plurimum

346 797 352 811 ο
390 773 613 832 &Gyges
647 773 843 818 alterum
872 773 1019 817 locum
1050 774 1179 817 tenet
1208 771 1388 829 regina;
1422 770 1676 816 Candaules

53 850 60 878 ³
95 854 127 900 ’,ἔ
135 829 360 900 Μ
378 808 594 889 momenti
615 846 698 888 est.
758 846 911 887 tamen
931 842 1041 887 haec
1061 857 1133 886 res
1154 842 1278 886 intra
1298 841 1547 886 fabellam
1533 854 1677 898 1psam

103 896 178 974 ³j
189 918 233 970 'sp
270 913 342 948 =-'
379 915 557 972 potest;
601 917 941 970 πρωταγωνιστής
980 912 1018 955 is
1060 914 1144 966 est,
1187 912 1266 969 qui
1295 911 1343 954 in
1372 910 1579 969 plurimis
1607 910 1676 954 fa-

88 967 138 1034 ,¹3
267 982 276 990 “
307 1004 315 1021 ·-
338 982 549 1043 partibus
569 982 811 1041 plurimum
831 984 1214 1035 commemoratur,
1238 996 1266 1025 a
1286 996 1373 1039 quo
1395 979 1676 1024 audientium

161 1074 187 1113 χ,
223 1055 252 1089 ἰ
278 1073 299 1090 ιτ
320 1051 577 1113 plurimum
596 1051 884 1098 delectantur
903 1050 977 1096 vel
998 1053 1248 1095 moventur.
1309 1050 1494 1094 maximi
1524 1052 1677 1094 autem

117 1119 173 1174 ,'”‹
224 1115 248 1158 l·
302 1124 389 1168 awti
415 1121 500 1167 hoc
530 1125 614 1176 est,
645 1121 778 1180 quod,
810 1122 849 1166 si
880 1136 1030 1166 omnes
1063 1123 1158 1165 tres
1194 1135 1409 1179 personae
1438 1121 1486 1163 in
1517 1133 1677 1164 scaena

110 1220 129 1263 a·
161 1180 261 1251 „411
311 1218 367 1227 --
395 1207 501 1237 nam
542 1193 671 1251 quasi
712 1192 761 1236 in
803 1206 963 1236 scaena
1005 1193 1153 1235 actam
1183 1190 1385 1234 fabulam
1421 1189 1677 1248 fingendam

298 1262 391 1308 iam
430 1277 486 1307 ex
523 1262 680 1306 multis
720 1261 999 1306 orationibus
1040 1259 1242 1306 videmus
1273 1286 1343 1315 —-,
1376 1275 1549 1318 semper
1586 1274 1677 1303 una

160 1330 275 1389 nola
297 1347 400 1378 eum
436 1332 584 1377 altera
626 1332 740 1390 agit,
782 1331 925 1375 tertia
967 1331 1202 1375 evanuisse
1231 1330 1427 1374 videtur.
1488 1345 1678 1388 quocum

135 1464 138 1466 .
134 1393 386 1462 :mames
405 1401 802 1461 hoc:p1·iusquam
822 1416 1012 1460 persona
1031 1400 1249 1459 quaedam
1271 1402 1394 1458 agat,
1419 1400 1678 1458 saepissime

86 1482 87 1485 ’
111 1475 134 1479 ”
269 1467 667 1524 commemoratur,
700 1471 808 1530 quin
830 1471 967 1515 etiam
988 1469 1173 1515 videtur
1202 1485 1291 1513 non
1312 1469 1489 1525 adesse,
1523 1468 1679 1514 eodem

144 1534 169 1584 'T
248 1536 254 1539 γ
306 1574 319 1598 ,
357 1545 597 1601 postquam
636 1541 746 1599 egit,
788 1541 946 1584 statim
977 1556 1031 1584 ex
1063 1540 1203 1583 oculis
1234 1539 1411 1597 effugit
1473 1538 1677 1596 exempla

123 1659 138 1674 ,Υ
174 1610 193 1621 “
219 1614 247 1667 ᾗ,
419 1612 576 1656 affero.
639 1609 905 1664 Candaules,
945 1613 1183 1668 postquam
1215 1609 1343 1666 Gygi
1373 1608 1599 1666 persuasit
1630 1610 1677 1652 et

211 1683 216 1686 ’
305 1681 356 1727 in
383 1681 636 1737 cubiculum
677 1679 946 1734 introduxit,
990 1694 1087 1723 cum
1131 1678 1299 1722 nullius
1331 1678 1419 1722 iam
1462 1677 1677 1721 momenti

107 1730 249 1806 ᾖ
264 1749 331 1797 ad‘
351 1750 555 1798 fabulam
597 1749 960 1805 continuandam,
1004 1764 1095 1792 non
1135 1751 1518 1792 commemoratur.
1579 1751 1678 1791 tum

167 1818 351 1869 Remum
378 1835 479 1866 eum
509 1819 666 1865 adesse
694 1823 922 1874 narratur,
964 1834 1062 1863 cum
1093 1818 1369 1862 necessarius
1401 1821 1483 1872 est,
1517 1820 1564 1862 et
1594 1817 1677 1861 hoc

98 1849 272 1949 ''Q-,hoo
300 1889 369 1935 nil
403 1889 531 1935 aliud
570 1892 786 1934 narratur
826 1889 913 1933 nisi
957 1904 1057 1933 eum
1099 1888 1301 1932 cubitum
1343 1888 1442 1931 isse.
1505 1887 1675 1944 Gyges,

117 1953 282 2019 s'ss'quia
331 1973 505 2018 semper
554 1958 755 2003 fabulam
808 1961 983 2012 movet,
1049 1972 1222 2015 semper
1272 1957 1319 1999 in
1374 1970 1534 2000 scaena
1593 1959 1675 2000 est.

134 2025 296 2110 qnod
338 2028 499 2087 regina
543 2027 694 2087 priore
738 2028 922 2072 fabulae
976 2030 1108 2106 parte
1153 2027 1200 2070 in
1247 2040 1408 2070 scaena
1452 2041 1542 2070 non
1592 2028 1674 2079 est,

170 2098 368 2158 exipsa
396 2114 446 2143 re
467 2097 776 2178 intellegitur.
835 2100 934 2141 tum
974 2098 1180 2155 ingressa
1224 2111 1322 2140 cum
1353 2096 1502 2153 Gyge,
1546 2111 1677 2154 quem

141 2173 264 2230 ΓΜ
291 2166 434 2224 videt,
464 2168 512 2213 in
541 2182 702 2212 scaena
733 2166 916 2212 videtur
946 2182 1054 2221 esse,
1088 2166 1340 2211 Candaules
1370 2181 1460 2210 non
1491 2181 1677 2210 comme·

28 2258 46 2298 5„
131 2239 391 2307 *smol-atur.
451 2240 611 2297 postea
648 2238 806 2296 regina
835 2236 965 2281 adest
1005 2236 1144 2291 caedi,
1189 2236 1380 2294 primum
1411 2251 1509 2279 cum
1540 2235 1678 2293 Gyge

31 2304 60 2321 ⁷*
126 2306 288 2368 &fs-git,
330 2307 404 2353 cui
432 2307 674 2366 pugionem
705 2306 798 2362 dat,
842 2322 973 2365 quem
1013 2306 1227 2351 collocat·
1273 2305 1446 2359 deinde,
1491 2304 1566 2348 ubi
1598 2320 1677 2349 rex

33 2374 43 2387 '
163 2371 361 2427 advenit
387 2377 601 2431 cubitum,
633 2377 792 2435 regina
823 2376 1057 2422 evanuisse
1089 2375 1282 2419 videtur.
1345 2375 1451 2433 quia
1483 2374 1677 2417 omnium

126 2445 293 2493 oculi
322 2449 564 2492 versantur
594 2447 642 2491 in
672 2447 806 2505 Gyge
851 2448 989 2504 atque
1032 2460 1138 2503 rege
1180 2444 1539 2502 exspectantium
1568 2443 1678 2502 quid

136 2511 237 2565 ἀὲ
263 2516 487 2573 futurum
515 2517 674 2575 regina
704 2516 787 2561 hoc
818 2516 915 2560 loco
947 2519 1100 2573 partes
1132 2515 1220 2558 iam
1250 2529 1339 2558 non
1370 2514 1481 2572 agit,
1525 2514 1590 2557 nil
1621 2513 1676 2557 de

128 2608 138 2622 ι
126 2581 456 2643 ᾍᾳωᾱίιιιιιε,
474 2601 741 2646 quamquam
758 2587 949 2643 Gygem·
955 2588 1132 2643 spectat
1149 2584 1495 2628 interficientem
1510 2598 1673 2642 regem.

178 2651 209 2688 '·
289 2653 381 2700 Sed
407 2670 497 2700 uno
538 2656 636 2701 loco
667 2657 805 2701 etiam
848 2655 999 2714 plures
1041 2668 1257 2712 personae
1304 2652 1674 2697 introducuntur:

50 2766 54 2773 ,
126 2716 297 2782 fluvi
339 2725 524 2783 reginae
570 2726 832 2780 fidelissimi,
890 2725 966 2783 qui
1016 2724 1114 2768 ideo
1161 2726 1576 2777 commemorantur,
1624 2727 1675 2767 ut

132 2816 140 2837 z
172 2792 335 2853 Gyges
365 2808 414 2839 se
442 2795 627 2854 reginae
663 2795 873 2840 resistere
917 2810 1005 2838 non
1048 2809 1176 2852 posse
1207 2793 1375 2837 videat.
1437 2792 1555 2851 quod
1587 2808 1675 2836 non

80 2902 93 2908 -
170 2862 396 2930 expressis
418 2865 565 2910 verbis
587 2865 948 2918 introducuntur,
973 2862 1092 2923 quod
1112 2877 1201 2908 non
1222 2866 1379 2921 agunt,
1407 2876 1675 2921 quamquam

139 2935 149 2939 μ
1336 2935 1358 2968 2
1376 2937 1391 2949 ,
