2002 3224
958 323 1247 367 ,40-

358 438 659 493 inveniantu1‚
693 455 746 483 ex
779 437 971 482 Persicis
1002 436 1169 482 fabulis
1199 437 1478 483 Herodotum
1518 438 1745 499 recepisse
1763 438 1859 487 for·

358 513 479 553 tasse
526 508 789 553 concludere
835 508 983 551 liceat
1061 507 1107 550 in
1153 505 1389 552 Persarum
1434 507 1704 555 carminibus
1746 499 1859 555 cele·-

360 577 562 623 berrimis
594 578 755 632 (Schah
788 577 959 621 Nameh
994 579 1154 634 poetae
1185 575 1383 631 Firdusi)
1413 577 1703 624 simillimum
1709 577 1859 625 Hero·

363 648 496 692 doteo
541 646 664 703 (VII,
698 648 726 690 8
757 648 839 705 sq.)
870 646 1062 691 inveniri
1094 646 1325 690 consilium
1357 647 1508 692 Bauer
1536 646 1730 694 adnotat
1758 646 1864 706 (Die

358 718 625 776 Kyrossage
661 716 752 760 und
784 716 1096 770 Verwandtes,
1128 731 1170 774 p.
1203 716 1289 759 513
1321 715 1416 775 sq.).
1477 727 1681 763 suasores
1721 717 1862 764 nomi-

359 791 528 831 nantur
561 786 871 841 „Pehlewan“.
933 800 1030 829 cum
1062 785 1154 830 Καὶ
1185 785 1310 829 Κᾶὸε
1341 787 1492 830 orbem
1521 788 1749 833 terrarum
1786 801 1863 834 ex-

360 871 563 915 pugnare
595 856 859 910 constituat,
892 855 973 899 Zal
1004 854 1261 910 Pehlewan,
1308 858 1362 899 ut
1393 857 1551 900 cautus
1581 855 1657 911 sit,
1687 853 1862 901 suadet.

360 926 497 970 etiam
529 925 692 969 Xerxis
724 925 892 968 somnio
934 926 990 968 ab
1032 924 1263 970 Herodoto
1306 928 1495 970 narrato
1537 924 1662 982 (VH,
1695 925 1751 970 12
1780 924 1865 985 sq.)

360 996 450 1039 alio
482 996 579 1039 loeo
611 994 885 1039 simillimum
905 994 1128 1039 traditur:
1162 994 1392 1039 Garsevaz
1413 994 1497 1039 hoc
1516 994 1615 1040 loco
1635 993 1865 1041 Artabani

361 1069 514 1124 partes
561 1066 661 1123 agit
706 1065 886 1121 (Bauer,
935 1081 975 1123 p.
1025 1066 1140 1120 514).
1202 1065 1315 1109 alios
1358 1065 1480 1109 locos
1527 1080 1581 1110 ex
1627 1064 1867 1110 Persarum

360 1135 532 1179 litteris
565 1134 923 1179 Christ-Schmid
944 1134 1141 1191 (Griech.
1164 1133 1552 1193 Litt.-Gesch.⁶-p.
1573 1133 1674 1191 442,
1695 1133 1798 1180 adn.
1820 1133 1867 1192 6)

361 1207 495 1248 notat
526 1206 586 1260 (v.
619 1204 926 1258 Chalatiantz,
968 1204 1055 1248 Die
1085 1203 1307 1248 iranische
1340 1203 1624 1263 Heldensage
1662 1203 1739 1250 bei
1778 1203 1868 1250 den

362 1274 643 1328 Armeniern‚
677 1274 771 1317 Zts.
802 1273 844 1317 d.
877 1273 932 1317 V.
964 1273 997 1317 f.
1019 1273 1107 1317 Vk.
1133 1274 1187 1317 14
1207 1274 1356 1331 (1904)
1387 1289 1429 1332 p.
1461 1273 1549 1318 290
1578 1276 1674 1333 esp).
1716 1272 1867 1319 Hmfin

362 1347 499 1402 atque
531 1343 699 1387 Phi1an
730 1344 794 1386 in
807 1343 963 1387 multis
991 1343 1159 1387 sabulis
1191 1357 1394 1387 suasores
1425 1345 1531 1387 sunt
1562 1342 1636 1399 (cf.
1657 1358 1700 1402 p.
1721 1342 1822 1399 298,
1831 1342 1867 1388 7

365 1417 411 1457 et
444 1415 502 1467 8),
565 1413 702 1457 etiam
735 1413 781 1456 in
812 1413 1050 1456 Persarum
1086 1413 1256 1457 litteris
1286 1413 1592 1490 posteriorum
1615 1414 1867 1472 temporum

362 1483 546 1527 traditis
578 1482 753 1527 eosdem
785 1497 987 1527 suasores
1018 1483 1330 1539 1nven1mus¹)

414 1821 455 1864 d.
516 1821 595 1865 De
628 1822 1031 1879 compluribus
1061 1822 1331 1879 personis
1363 1822 1419 1865 in
1450 1835 1652 1866 scaena
1682 1836 1813 1867 con·

1000 1891 1239 1935 iunctis.

482 1973 696 2017 Fabellae
729 1972 1013 2017 Herodoteae
1044 1973 1173 2031 quasi
1203 1974 1251 2016 in
1282 1987 1442 2017 scaena
1472 1975 1603 2018 actae
1632 1972 1870 2032 fingendae
1926 1974 1944 1990 ”

367 2046 484 2087 sunt.
546 2057 835 2100 personarum
877 2043 1169 2102 complurium
1210 2043 1548 2087 coniunctamm
1578 2058 1752 2102 semper
1779 2056 1872 2090 um.
1925 2047 1930 2050 ⁴

369 2113 415 2155 in
445 2112 590 2156 media
612 2116 681 2156 est
703 2127 862 2156 scaena
885 2116 1023 2171 atque
1043 2113 1210 2170 primas
1232 2113 1332 2171 agit
1352 2116 1519 2171 partes.
1564 2127 1699 2172 quam
1727 2113 1871 2159 vicem

367 2197 455 2225 non
500 2197 671 2240 semper
713 2183 760 2225 in
791 2183 972 2226 fabellis
1014 2182 1070 2226 de
1109 2182 1274 2227 Croeso
1317 2183 1516 2227 narratis
1559 2183 1773 2238 Croesus,
1814 2182 1872 2228 de

369 2251 489 2308 Cyro
532 2251 697 2308 Cyrus,
743 2251 798 2295 de
838 2251 1085 2295 Periandro
1128 2251 1373 2296 Periander
1413 2255 1592 2310 gerunt,
1636 2251 1716 2297 sed
1754 2252 1871 2298 alius

491 2412 526 2454 1)
553 2409 598 2445 cf.
625 2410 740 2455 Horn,
768 2411 835 2446 Die
861 2410 1168 2456 mittelpersische
1192 2410 1281 2446 Litt.
1300 2410 1452 2457 (Kultur
1468 2409 1502 2446 d.
1521 2410 1609 2456 Geg.
1627 2410 1656 2455 Ι,
1670 2402 1712 2456 ,7)
1729 2421 1764 2457 p.
1779 2412 1849 2448 23⁷
1861 2422 1870 2446 ε

371 2469 462 2514 „Die
489 2469 695 2515 Belehrung
721 2469 811 2505 wird
836 2471 902 2505 mit
926 2470 1099 2506 Vorliebe
1134 2469 1324 2506 einzelnen
1355 2469 1572 2506 beri‘ihmten
1595 2469 1809 2516 Ratgebern
1833 2469 1873 2506 iu

369 2527 439 2564 den
466 2528 580 2565 Mund
614 2529 745 2575 gelegt.
796 2530 844 2566 So
870 2529 951 2565 dem
976 2529 1114 2574 grossen
1139 2529 1260 2565 Schah
1286 2529 1528 2566 Noschirwsn
1553 2527 1628 2566 und
1651 2529 1788 2566 seinem
1813 2539 1873 2575 ge-

371 2587 527 2624 feierten
554 2589 687 2625 Vezier
704 2589 980 2635 Buzurgmichr,
1007 2588 1088 2625 dem
1106 2578 1434 2634 weisen⁴Oschna13
1460 2588 1527 2626 der
1542 2599 1610 2625 aus
1627 2588 1709 2626 dem
1724 2590 1874 2626 Aurem

370 2658 439 2682 nur
466 2647 547 2683 dem
572 2648 712 2684 Namen
739 2649 832 2684 nach
859 2648 1022 2684 bekannt
1061 2650 1110 2684 ist
1134 2647 1211 2685 und
1248 2653 1375 2694 spater
1411 2649 1467 2684 als
1492 2648 1664 2684 Minister
1699 2647 1765 2686 dee
1800 2647 1874 2685 lm

372 2706 471 2742 Kaos
497 2707 585 2752 galt,
621 2707 701 2743 dem
729 2707 959 2743 Obermobed
983 2697 1155 2754 Aturpan
1183 2707 1408 2754 maraspand
1432 2706 1510 2743 und
1534 2706 1732 2744 auderen“.
1910 2711 1912 2713 '

393 2773 397 2776 ·
468 2771 504 2801 et
531 2766 577 2801 cf.
607 2767 719 2811 Horu,
747 2767 816 2802 Die
842 2778 1010 2812 neupers.
1062 2767 1152 2803 Litt.
1178 2768 1218 2814 (l.
1244 2767 1286 2814 1,)
1312 2779 1347 2813 p.
1365 2769 1455 2804 260:
1483 2767 1573 2812 „Als
1598 2767 1765 2814 typische
1781 2767 1872 2804 Rat-

371 2825 482 2869 geber
504 2830 624 2860 treten
658 2826 695 2860 in
722 2826 855 2861 bunter
890 2826 1005 2862 Reihe
1041 2826 1100 2862 die
1131 2826 1359 2873 mythischeu
1393 2825 1537 2862 Schshe
1570 2826 1766 2872 Hoscheng
1795 2824 1872 2863 und

372 2883 655 2929 Dschemsched‚
683 2884 809 2920 fex-ner
833 2885 1108 2931 Buzurgmichr,
1134 2885 1374 2921 Noschirwsn
1399 2885 1582 2931 (Chosran
1607 2885 1664 2932 1.)‚
1690 2884 1758 2923 der
1781 2886 1874 2923 Arzt

372 2942 535 2986 Burzoe‚
572 2942 637 2979 der
662 2945 769 2980 weise
795 2944 962 2989 Luqman
988 2956 1023 2981 u.
1050 2955 1082 2981 a.
1109 2944 1207 2981 auf‘fl
