1962 3178
876 251 1168 296 -53—

264 383 384 410 seum
417 366 497 410 dat
530 366 764 411 secandum
797 371 844 411 et
875 383 929 411 ex
974 383 1024 411 eo
1057 368 1207 423 modo,
1251 384 1338 428 quo
1381 373 1535 414 secant
1577 384 1767 426 caseum,

265 436 395 493 eligit
419 451 600 480 uxorem
615 436 804 493 (Grimm
823 437 917 489 155,
942 437 1027 481 Die
1043 437 1358 495 Brautschau).
1380 439 1505 483 aliud
1518 440 1770 499 exemplum

265 510 334 549 est
365 505 471 549 hoc:
516 521 570 550 ex
603 506 747 549 tribus
780 506 1040 550 mulieribus
1073 506 1119 550 in
1151 506 1281 552 flores
1311 509 1500 553 mutatis
1530 524 1621 554 una
1651 509 1769 555 domi

264 579 402 619 noctu
433 579 616 633 poterat
650 591 756 619 esse.
818 576 1036 633 quomodo
1069 577 1258 620 maritus
1290 592 1345 621 ex
1376 577 1614 623 simillimis
1645 593 1771 624 suam

266 645 398 702 eligit
430 645 645 689 uxorem?
688 661 814 699 uxor,
856 661 970 703 quae
1012 650 1148 690 noctu
1179 645 1299 690 domi
1339 647 1506 701 fuerat,
1548 663 1639 693 non
1668 651 1771 694 erat

265 715 462 759 irrorata
494 715 684 769 (Grimm
719 716 814 768 160,
850 715 1252 772 Ratselmarohen).

382 787 426 841 β)
458 785 688 828 Nonnulla
719 786 906 829 afferam
938 786 1165 843 exempla,
1209 786 1370 843 quibus
1410 786 1628 832 miracula
1655 786 1772 833 refe-

267 858 442 897 runtur.

386 925 426 979 l)
458 924 667 978 Pheroni,
691 939 820 968 caeco
844 925 954 982 regi,
987 925 1103 969 fidae
1125 925 1324 970 mulieris
1344 925 1476 970 urina
1504 926 1622 971 oculi
1641 926 1772 973 resti-

268 998 461 1038 tuuntur
504 995 582 1048 (II,
630 995 743 1051 111).
817 994 1258 1049 Medicamenta,
1303 995 1463 1053 quibus
1507 996 1662 1040 oculi
1704 1010 1795 1053 sa·-

266 1067 435 1108 nantur
465 1064 512 1107 in
543 1064 722 1108 fabellis
769 1065 946 1122 saepius
988 1068 1410 1109 commemorantur:
1455 1080 1614 1110 cervae
1654 1066 1775 1111 lacte

267 1133 387 1179 oculi
420 1138 639 1177 sanantur
682 1133 834 1190 (Hahn
865 1134 950 1178 No.
982 1135 1019 1178 6·
1040 1150 1134 1178 var.
1167 1135 1212 1190 2)
1255 1134 1328 1179 vel
1369 1135 1470 1193 equi
1513 1136 1644 1180 urina
1684 1150 1775 1180 non

267 1207 496 1258 sanantur,
531 1203 607 1247 sed
639 1203 920 1253 adimuntur:
955 1204 1131 1262 saepius
1163 1218 1280 1262 aqua
1312 1207 1530 1248 sanantur
1560 1204 1714 1262 (Hahn
1731 1206 1772 1250 5.

268 1288 362 1317 var.
395 1274 434 1326 6,
469 1274 537 1326 30,
571 1273 656 1330 68),
699 1273 837 1316 etiam
879 1273 1074 1317 remedio
1121 1289 1175 1317 ex
1224 1274 1381 1318 simiae
1426 1276 1606 1319 cerebro
1649 1274 1774 1319 facto

267 1343 441 1398 (Hahn,
475 1343 560 1394 53).
623 1343 760 1386 etiam
802 1358 856 1386 ex
889 1343 990 1386 aliis
1022 1345 1153 1387 rebus
1185 1344 1321 1387 simili
1351 1343 1480 1388 modo
1502 1359 1646 1388 mores
1666 1345 1776 1402 (mu-

266 1414 468 1470 lierum!)
508 1416 829 1470 agnoscuntur.
892 1414 1096 1471 exempla
1137 1414 1392 1457 afferuntur
1433 1414 1481 1458 in
1522 1414 1602 1458 illo
1644 1414 1776 1470 libro,

268 1499 400 1542 quem
452 1483 629 1541 saepius
675 1483 1139 1527 commemoravimus:
1186 1483 1272 1527 Die
1317 1484 1454 1528 Reise
1505 1483 1585 1528 der
1629 1483 1778 1529 Ssshne

270 1555 467 1599 Giaffers
499 1570 541 1611 p.
575 1554 642 1597 32.
707 1554 876 1598 veritas
908 1555 1196 1611 cognoscitur
1239 1570 1293 1598 ex
1324 1554 1578 1610 adamante,
1622 1555 1779 1599 uxoris

270 1625 442 1668 animus
490 1640 543 1667 ex
590 1624 901 1681 smaragdineo
949 1639 1078 1678 vase,
1128 1640 1182 1668 ex
1227 1628 1387 1669 necato
1433 1624 1554 1682 pisce
1599 1624 1780 1669 ridente

275 1695 426 1738 uxoris
458 1694 661 1751 corrupti
692 1709 836 1738 mores
867 1694 1211 1751 intelleguntur.

387 1765 431 1819 2)
461 1764 579 1821 Imp
594 1763 682 1806 edi
698 1766 966 1817 mentum,
996 1779 1083 1821 quo
1108 1764 1282 1822 equites
1304 1764 1528 1821 persecuti
1549 1764 1780 1822 fugientes

268 1835 435 1878 fratres
458 1834 639 1876 flumine
660 1836 930 1891 augescente
947 1833 1242 1877 retardantur
1258 1833 1407 1889 (VIII,
1428 1834 1542 1889 137),
1563 1834 1778 1892 frequens

271 1905 318 1947 in
350 1904 527 1947 sabellis
561 1907 643 1947 est.
694 1903 783 1946 iam
814 1903 861 1946 in
892 1903 974 1946 illa
997 1903 1310 1961 antiquissima
1340 1903 1511 1947 fabella
1541 1903 1780 1962 Aegyptia

274 1974 329 2018 de
377 1973 548 2017 duobus
592 1973 813 2016 fratribus
858 1976 1047 2017 narrata
1077 1973 1241 2031 Anepu
1285 1974 1476 2017 fratrem
1521 1974 1782 2031 persecutus

272 2058 435 2100 magna
467 2058 584 2101 aqua
618 2042 826 2101 impediri
856 2043 1071 2086 traditur,
1127 2043 1331 2087 diversae
1362 2058 1432 2087 res
1464 2042 1782 2101 impedimento
1850 2075 1856 2080 -

273 2130 366 2159 esse
400 2117 600 2170 possunt.
662 2114 825 2157 flumen
873 2113 1114 2170 (Haltrich,
1160 2112 1452 2170 Siebenbiirg.
1495 2112 1709 2157 Marchen
1737 2127 1781 2171 p.

279 2186 364 2228 160
397 2183 491 2241 sq.),
525 2198 649 2227 mons
682 2183 830 2226 subito
864 2185 990 2226 ortus
1021 2182 1216 2239 (Pr’dhle,
1250 2182 1462 2226 Marchen
1483 2183 1517 2226 f.
1539 2182 1581 2226 d.
1600 2180 1784 2240 Jugend

274 2271 316 2312 p.
355 2254 438 2298 120
469 2254 525 2297 cf.
570 2252 858 2307 Mannhardt,
903 2252 1119 2296 Zeitschr.
1163 2253 1195 2295 f,
1240 2252 1326 2296 dts.
1359 2252 1505 2309 Myth.
1535 2251 1617 2306 IV,
1650 2251 1782 2296 Gott.

276 2326 388 2368 1859
420 2340 462 2382 p.
497 2324 596 2377 250,
630 2323 731 2367 adn.
762 2324 802 2377 2,
824 2324 881 2380 3).
929 2323 1189 2381 plerumque
1219 2325 1313 2366 tres
1344 2338 1416 2366 res
1444 2337 1471 2366 a
1501 2322 1782 2380 fugientibus

275 2395 477 2439 abiectae
519 2398 566 2438 et
597 2397 802 2439 mutatae
845 2393 1164 2452 impedimento
1205 2396 1320 2436 sunt.
1381 2393 1429 2436 in
1470 2392 1640 2436 fabella
1670 2391 1782 2437 Ger-

272 2466 447 2509 manica
479 2464 670 2521 (Grimm
692 2464 766 2520 79)
796 2464 1041 2521 peniculus,
1074 2466 1246 2521 pecten,
1281 2462 1509 2520 speculum
1539 2463 1587 2506 in
1607 2464 1781 2506 montes

268 2539 522 2579 mutantur.
586 2550 641 2578 ex
681 2534 861 2578 fabellis
893 2533 1078 2578 Graecis
1109 2532 1245 2577 Hahn
1275 2533 1435 2576 affert:
1480 2532 1564 2576 No.
1595 2533 1646 2576 ·1·:
1690 2531 1781 2576 cul·

276 2606 428 2657 tellus,
462 2608 636 2663 pecten,
685 2604 751 2648 sal
788 2605 834 2647 in
864 2604 1113 2662 planitiem,
1158 2603 1331 2657 silvam,
1372 2617 1494 2646 mare
1524 2605 1779 2659 mutantur3
1839 2611 1850 2618 ’

276 2676 358 2718 No.
392 2676 432 2718 6.
466 2690 583 2719 var.:
618 2689 737 2732 sap0,
770 2680 944 2732 pecten,
977 2668 1227 2732 speculum;
1273 2673 1357 2716 No.
1389 2674 1468 2715 45:
1503 2672 1582 2727 sal,
1628 2687 1781 2731 specu-

275 2746 379 2799 lum,
403 2748 564 2803 pecten
586 2745 631 2787 in
652 2744 903 2803 planitiem,
935 2744 1138 2802 glaciem,
1160 2757 1283 2786 mare
1303 2745 1559 2798 mutantur;
1591 2741 1678 2787 No.
1700 2742 1779 2799 68;

276 2815 355 2869 sal,
390 2830 509 2872 sapo,
554 2818 714 2872 pecten
757 2815 804 2857 in
850 2814 1309 2871 ignemi‘umumque,
1352 2813 1528 2868 flumen,
1572 2811 1783 2871 paludem

276 2889 526 2929 mutantur.
604 2885 747 2928 simile
794 2888 1108 2942 argumentum
1153 2887 1222 2927 est
1267 2882 1369 2926 hoc:
1420 2883 1650 2940 fugientes
1694 2882 1782 2940 ipsi
