2060 3250
980 233 1270 276 -26-

377 351 526 405 ponet.
588 364 676 406 quo
708 349 834 393 facto
868 349 913 392 in
946 348 1161 392 lectulum
1200 349 1295 394 iens
1327 364 1487 394 aversa
1518 349 1645 409 Gygi
1674 348 1882 409 fugiendi

377 418 643 462 facultatem
677 417 770 462 dat.
834 418 910 462 sed
942 433 1028 476 quo
1060 418 1157 462 loco
1189 418 1459 478 colloquium
1500 419 1621 464 inter
1650 434 1803 479 regem
1832 421 1881 466 et

379 487 571 544 Gygem,
617 504 704 546 quo
744 488 841 532 loco
874 488 995 532 inter
1026 487 1206 545 Gygem
1238 491 1285 532 et
1315 489 1518 547 reginam
1557 488 1772 535 habitum'
1804 489 1880 545 sit,

376 572 464 600 non
496 556 714 601 audimus.
778 558 965 602 similem
990 558 1211 601 rationem
1233 557 1279 601 in
1302 557 1524 603 Herodoti
1544 558 1880 604 narrationibus

377 627 554 685 saepius
587 628 891 685 agnoscimus:
925 627 1061 679 locus,
1094 627 1181 670 nisi
1211 627 1269 671 ad
1300 628 1500 672 fabulam
1531 627 1886 674 continuandam

353 698 652 751 ‚necessarius
686 702 768 751 est,
803 698 979 741 omnino
1011 712 1099 741 non
1128 697 1411 742 describitur.
1472 701 1610 756 atque
1639 699 1688 742 in
1717 697 1881 744 descri-

376 766 520 810 bendo
552 767 823 824 gravissima
855 767 949 810 sola
981 771 1393 811 commemorantur.

497 905 755 964 Postquam,
802 921 890 966 qua
934 907 1112 951 ratione
1154 911 1293 965 atque
1335 911 1435 952 arte
1477 907 1587 952 haec
1617 907 1788 953 fabella.
1826 906 1882 953 de

381 975 518 1034 Gyge
565 976 740 1020 tradita
787 980 975 1021 narrata
1021 980 1151 1032 esset,
1209 977 1624 1032 demonstravimus,
1680 977 1882 1037 singulas

376 1045 592 1089 narrandi
627 1046 742 1090 artis
778 1047 959 1104 regulas
989 1050 1126 1105 atque
1157 1047 1280 1105 leges
1310 1047 1513 1105 pluribus
1545 1047 1760 1107 exemplis
1789 1046 1880 1093 He-

380 1114 580 1160 rodoteis
622 1117 954 1175 comprobemus
993 1120 1040 1160 et
1080 1117 1294 1175 exemplis
1326 1133 1380 1161 ex
1411 1117 1534 1175 poesi
1574 1117 1765 1162 aliarum
1802 1132 1881 1163 na-

377 1186 551 1230 tionum
583 1186 738 1230 allatis
772 1187 1055 1245 explicemus.

495 1255 605 1299 Cum
637 1257 797 1311 omnia,
843 1271 958 1315 quae
1002 1260 1199 1311 exstant,
1245 1257 1448 1316 exempla
1491 1258 1655 1303 afferre
1696 1257 1881 1317 longum

378 1326 453 1380 sit,
486 1340 629 1383 pauca
652 1326 870 1383 eligamus
902 1341 1041 1385 eaque
1071 1327 1353 1384 gravissima,
1386 1327 1546 1385 quibus
1578 1331 1724 1373 artem
1753 1328 1881 1374 illam

378 1396 546 1454 optime
577 1395 804 1440 illustrari
835 1400 1058 1455 putamus.

1102 1733 1164 1776 Π.

636 1838 673 1880 1.
735 1837 818 1881 DE
850 1838 1280 1883 FABELLARVM
1313 1839 1626 1885 PERSONIS.

503 1945 543 1974 a.
607 1931 682 1975 De
714 1947 1085 1989 personarum
1118 1933 1302 1976 forma
1332 1937 1511 1991 atque
1540 1933 1763 1978 habitu.

496 2012 769 2070 Magnopere
800 2013 1021 2058 Herodoti
1064 2014 1279 2058 narrandi
1323 2030 1396 2059 ars
1440 2030 1468 2059 a
1506 2015 1684 2060 ratione
1723 2018 1882 2062 nostra

380 2081 538 2124 differt
571 2096 634 2136 eo,
677 2082 796 2139 quod
826 2098 1065 2141 numquam
1096 2099 1385 2141 personarum
1416 2086 1606 2128 formam
1637 2087 1775 2144 atque
1803 2084 1882 2129 ha.-

380 2151 525 2194 bitum
557 2155 766 2195 accurate
798 2152 1073 2210 descriptum
1106 2153 1307 2198 videmus
1340 2169 1448 2197 esse.
1501 2157 1654 2198 utrum
1693 2154 1882 2213 pulchra

381 2221 442 2263 sit
475 2235 666 2278 persona
697 2237 849 2276 necne,
890 2225 1042 2266 utrum
1082 2223 1286 2267 iuvenem
1318 2238 1377 2267 an
1407 2239 1555 2268 senem
1586 2239 1632 2268 se
1659 2226 1879 2282 praestet,

380 2290 503 2347 quali
536 2291 721 2345 vestitu,
757 2292 882 2349 quali
903 2292 1050 2335 forma
1075 2295 1237 2337 ornata
1268 2293 1329 2336 sit
1357 2308 1447 2337 non
1477 2296 1704 2338 narratur.
1766 2308 1881 2352 quae

381 2374 451 2403 res
484 2375 534 2403 eo
566 2361 707 2417 magis
739 2361 1140 2406 animadvertenda
1170 2366 1252 2417 est,
1297 2362 1415 2421 quod
1446 2363 1548 2407 aliis
1579 2363 1726 2421 operis
1755 2363 1879 2418 locis,

381 2434 658 2488 quantopere
680 2432 861 2475 barbari
882 2431 1097 2476 differant
1119 2447 1146 2476 a
1163 2432 1348 2477 Graecis
1369 2433 1515 2477 forma
1535 2436 1673 2492 atque
1694 2433 1894 2489 vestitu‚·

379 2499 660 2543 Herodotum
692 2501 1025 2545 accuratissime
1057 2517 1397 2546 commemorare
1427 2503 1675 2560 legimus').
1738 2502 1880 2547 Hero-

443 2655 447 2657 *
507 2618 540 2662 1)
568 2617 747 2663 Exempla
773 2619 907 2655 affero:
935 2619 963 2664 Ι,
994 2622 1058 2655 135
1087 2621 1280 2656 Persarum
1309 2619 1526 2656 vestimenta
1560 2619 1721 2656 breviter
1745 2618 1880 2656 descri-

382 2675 528 2710 buntur.
570 2676 809 2712 clarissimum
828 2679 1030 2724 exemplum
1050 2683 1171 2715 exstat
1188 2678 1268 2722 V11,
1282 2681 1436 2723 61—95,
1455 2690 1525 2724 quo
1543 2678 1623 2714 loco
1643 2681 1686 2715 61
1706 2679 1879 2733 gentium,

381 2734 512 2778 quibus
539 2735 679 2771 Xerxes
707 2742 889 2781 praeerat,
916 2739 1133 2774 vestimenta
1157 2738 1281 2774 omnia
1306 2738 1467 2773 breviter
1492 2737 1707 2775 afferuntur.
1747 2738 1879 2784 quibus

381 2792 487 2838 addo,
515 2804 608 2839 quae
634 2793 678 2830 de
704 2797 894 2842 Aegyptiis
922 2797 966 2841 11,
994 2800 1050 2842 36,
1069 2800 1126 2843 37,
1153 2796 1199 2833 de
1223 2797 1466 2842 Aethiopibus
1494 2797 1558 2842 111,
1577 2799 1634 2843 22,
1661 2797 1707 2834 de
1732 2797 1878 2844 Scythis

380 2853 442 2895 IV,
470 2856 515 2888 64
542 2859 751 2890 narrantur.
