2060 3250
1037 217 1326 262 -36-

549 332 834 377 Confer-enda
864 337 933 377 est
966 347 1018 377 ea
1039 333 1172 389 ratio,
1205 348 1339 393 quam
1369 335 1417 379 in
1446 336 1614 381 nostris
1643 334 1827 382 fabellis
1845 334 1937 383 usi-

429 406 575 447 tatam
618 402 831 447 videmus
893 403 1244 463 introducuntur
1283 404 1504 461 homines,
1547 406 1624 464 qui
1664 405 1938 452 fortitudine

429 477 567 531 atque
615 473 762 517 animo
809 473 919 528 (Der
965 473 1120 517 starke
1165 473 1314 518 Hans:
1362 474 1536 519 Grimm
1567 476 1670 534 166)
1713 476 1790 523 vel
1829 491 1936 536 pru·

430 542 587 586 dentia
637 545 773 600 atque
815 542 1069 587 calliditate
1112 543 1223 598 (Der
1264 542 1574 589 Meisterdieb:
1617 545 1792 591 Grimm
1834 545 1937 604 192)
2007 570 2014 574 ⁷

431 612 505 656 vel
538 612 731 656 secunda
761 612 947 656 fortuna
977 612 1119 668 (Hans
1160 612 1221 655 im
1262 612 1432 657 Gliick:
1476 613 1649 659 Grimm
1677 614 1753 674 83)
1791 615 1936 661 excel-

427 682 543 725 lunt.
591 682 719 725 velut
737 681 790 725 de
806 681 958 725 eodem
980 697 1086 739 rege
1117 682 1191 726 vel
1212 685 1412 739 tyranno
1430 683 1500 739 (ut
1521 683 1726 743 exempla.
1745 685 1933 730 afferam

426 751 480 795 de
516 751 679 795 Croeso
703 755 749 794 et
771 751 1037 807 Periandro)
1058 753 1364 796 narrabantur
1388 752 1597 808 fabellae,
1629 766 1758 812 quae,
1779 767 1934 813 quam·

427 836 558 878 quam
590 821 644 865 de
677 820 830 864 eadem
851 836 1042 879 persona
1063 821 1276 876 traditae,
1310 824 1462 866 tamen
1494 823 1676 881 paulum
1706 822 1935 869 habebant

426 907 667 935 commune.
731 891 813 935 hae
856 892 1025 936 fabella
1067 892 1300 936 fabulator
1342 894 1560 937 narrabat
1601 892 1656 938 de
1685 892 1934 939 Periandro

426 963 644 1018 tyranno,
685 961 762 1019 qui
806 976 989 1005 uxorem
1028 962 1210 1006 necavit
1253 965 1392 1020 atque
1423 962 1683 1008 Corinthiae
1724 962 1934 1008 mulieres

427 1032 529 1075 exui
566 1032 710 1086 iussit,
759 1031 842 1075 illa
872 1031 926 1076 de
958 1031 1204 1075 Periandro
1237 1047 1352 1087 sene,
1392 1033 1467 1091 qui
1500 1032 1583 1077 filii
1626 1047 1776 1078 amore
1819 1048 1935 1079 com-

425 1104 572 1144 motus
605 1104 726 1156 erat;
772 1101 843 1145 hic
873 1101 929 1145 de
960 1101 1124 1146 Croeso
1155 1106 1287 1160 patre
1319 1102 1529 1147 fabulans
1560 1103 1715 1161 Atyos
1744 1106 1936 1148 mortem

424 1172 655 1224 narrabat,
688 1171 781 1222 ille,
813 1170 1032 1228 quomodo
1066 1186 1112 1214 se
1143 1172 1451 1215 beatissimum
1482 1172 1678 1216 omnium
1706 1171 1934 1219 hominum

428 1256 524 1285 esse
557 1245 685 1284 ratus
717 1242 955 1284 barbarum
1002 1257 1048 1285 se
1089 1242 1388 1299 praestiterit.
1451 1256 1562 1300 quas
1599 1241 1793 1287 fabellas
1828 1242 1936 1288 olim

426 1311 688 1354 coniunctas
718 1326 808 1354 non
838 1311 977 1354 fuisse
1013 1311 1150 1354 etiam
1191 1327 1245 1355 ex
1277 1326 1329 1355 ea
1360 1327 1409 1355 re
1439 1312 1770 1370 intellegimus,
1814 1311 1935 1372 quod

425 1381 698 1425 fabulatoris
738 1396 826 1423 non
866 1384 961 1424 tam
1004 1381 1226 1425 intererat
1268 1395 1454 1425 narrare
1494 1381 1549 1425 de
1593 1381 1757 1427 Croeso
1795 1383 1935 1441 atque

428 1449 676 1494 Periandro
709 1465 841 1507 quam
873 1449 927 1494 de
959 1451 1052 1494 eius
1084 1450 1197 1504 filio,
1245 1450 1300 1494 de
1330 1450 1506 1505 Solone,
1552 1450 1607 1495 de
1637 1450 1832 1507 Melissa,
1878 1451 1934 1497 de
2022 1502 2024 1504 ,

425 1521 527 1564 aliis
561 1522 705 1563 rebus,
766 1535 910 1578 neque
942 1521 1059 1564 enim
1103 1535 1182 1564 rex
1212 1521 1530 1578 protagonista
1569 1523 1660 1575 est,
1693 1520 1771 1565 sed
1801 1520 1932 1577 alius,

425 1591 483 1634 ad
515 1606 644 1648 quem
675 1590 957 1647 potissimum
988 1590 1189 1648 pertinet
1218 1590 1401 1634 fabella.
1434 1616 1490 1622 —

540 1659 715 1703 Deinde
746 1674 773 1703 a
803 1660 1135 1703 fabulatoribus
1167 1660 1431 1718 quibusdam
1471 1674 1549 1704 eae
1579 1659 1776 1705 fabellae
1805 1660 1930 1705 colli-

424 1731 661 1786 gebantur,
685 1744 800 1787 quae
822 1729 1007 1773 eandem
1028 1731 1304 1788 praebebant
1326 1745 1544 1788 personae
1565 1730 1768 1788 speciem,
1802 1730 1931 1776 velut

425 1799 729 1856 cognoscimus
771 1799 1066 1842 Periandrum
1109 1803 1358 1856 tyrannum
1403 1799 1703 1857 compluribus
1748 1800 1930 1845 fabellis

424 1868 710 1926 descriptum.
758 1868 835 1912 sed
865 1869 1084 1926 quomodo
1116 1869 1326 1913 cohaeret
1357 1869 1430 1913 hic
1450 1872 1675 1926 tyrannus
1706 1884 1806 1914 cum
1826 1884 1931 1917 sene
1980 1877 1985 1880 “

423 1938 565 1981 filium
596 1938 810 1981 amante?
852 1939 984 1981 initio
1016 1954 1106 1982 non
1137 1939 1450 1983 cohaerebant.
1512 1939 1589 1997 qui
1619 1938 1735 1983 hanc
1766 1938 1930 1985 discre-

423 2009 626 2066 pantiam
658 2009 822 2052 tollere
865 2008 1018 2062 malit,
1063 2009 1358 2053 Periandrum
1402 2009 1597 2052 moribus
1639 2009 1829 2054 mutatis
1871 2008 1931 2053 ad

424 2078 651 2121 meliorem
681 2078 859 2134 frugem
880 2093 925 2121 se
956 2079 1174 2136 recepisse
1196 2079 1354 2136 fingat.
1400 2079 1490 2122 iam
1519 2078 1698 2136 antiqui
1728 2077 1929 2124 diversas

424 2147 706 2190 coniuncturi
748 2147 952 2201 fabella5‚
997 2148 1216 2205 quomodo
1260 2147 1507 2192 Periander
1548 2150 1752 2192 mutatus
1796 2150 1927 2205 esset,

425 2216 723 2260 ostendebant
759 2217 930 2262 fabella
972 2217 1054 2260 illa
1096 2217 1151 2261 de
1192 2217 1468 2275 Thrasybuli
1512 2217 1698 2261 consilio
1740 2220 1930 2264 narrata

424 2286 482 2342 (V
487 2322 494 2340 ,
529 2287 614 2342 92),
658 2302 791 2344 quam
822 2287 1068 2330 Periandro
1110 2286 1398 2331 adulescente
1439 2287 1609 2331 factam
1652 2302 1748 2332 esse
1787 2287 1928 2344 finge-

423 2358 546 2400 bant.
610 2357 723 2400 duae
755 2356 960 2401 diversae
990 2357 1189 2401 rationes
1221 2358 1268 2401 in
1299 2357 1537 2401 Periandri
1567 2356 1735 2401 fabulis
1765 2371 1927 2415 agnos-

424 2430 599 2471 cuntur.
648 2427 777 2471 modo
809 2427 1055 2471 Periander
1085 2429 1226 2471 bonus
1258 2430 1484 2484 tyrannus
1517 2429 1598 2481 est,
1630 2427 1710 2485 qui
1738 2425 1944 2472 clemen-⁷

423 2498 595 2540 tissime
628 2512 821 2554 regnans
853 2497 891 2554 (ὁ
915 2502 1041 2541 τοίνυν
1065 2498 1316 2554 Περίανδρος
1345 2496 1438 2540 κατ’
1459 2498 1595 2555 ἀρχὰς
1626 2500 1698 2554 μὲν
1726 2496 1777 2555 ἦν
1797 2496 1928 2554 ἠπιώ-
1963 2518 1969 2522 ·

423 2583 541 2623 τερος
582 2574 647 2610 τοῦ
679 2571 831 2624 πατρὸς
871 2567 927 2621 V,
961 2568 1035 2623 92)
1079 2566 1351 2611 citharoedis
1395 2567 1695 2623 celeberrimis
1738 2566 1927 2611 favebat

423 2637 475 2690 (Ι,
507 2637 565 2679 24
596 2637 770 2691 Arimi,
813 2653 943 2695 quem
985 2637 1192 2681 Corinthi
1225 2636 1426 2681 videmus
1471 2638 1726 2694 διθὺραμβον
1769 2644 1926 2694 πρῶτον
1988 2682 1992 2685 ,

426 2709 654 2762 ἀνθρώπων
687 2715 764 2750 τῶν
809 2707 931 2765 ἡμεῖς
963 2707 1077 2765 ἴδμεν
1124 2711 1348 2765 ποιήσαντά
1389 2723 1430 2749 τε
1462 2709 1534 2750 καὶ
1565 2705 1827 2764 ὀνομάσαντα
1856 2709 1928 2750 καὶ

425 2777 683 2832 διδάξαντα),
731 2791 893 2834 magna
939 2778 1179 2821 fruebatur
1221 2777 1498 2820 auctoritate
1544 2775 1617 2832 (V,
1657 2775 1743 2833 95),
1786 2788 1927 2820 uxore

424 2846 667 2889 interfecta
689 2846 949 2890 calamitate
971 2846 1175 2905 quadam,
1208 2861 1340 2904 quam
1355 2845 1614 2890 Herodotus
1631 2844 1927 2890 Periandrum

1991 3238 2006 3250 a,

2026 3243 2036 3250 Ι
2015 3183 2017 3186 -
2034 3151 2038 3156 .
2034 3108 2043 3113 ,
2038 2945 2041 2947 ι

2023 3062 2060 3250 man-a
2057 3034 2060 3040 .
2058 2963 2060 2966 Α
