2060 3250
998 244 1287 286 ..16-

468 393 507 436 2.
571 392 653 436 DE
684 391 1020 435 FABELLAE
1049 390 1470 437 HERODOTEAE
1501 393 1812 439 PERSONIS.
1859 430 1868 438 .

511 484 763 530 Candaules
805 484 874 527 his
917 484 1064 527 verbis
1108 483 1360 528 inducitur:
1407 485 1457 544 ἡν
1499 485 1750 546 Κανδαὸλης
1783 517 1791 527 .-
1824 522 1831 529 .
1865 520 1888 540 .,

394 558 584 612 τύραννος
606 555 802 612 Σαρδίων,
826 554 1028 608 ἀπόγονος
1047 554 1091 595 δὲ
1114 553 1319 597 Ἀλκαίου
1341 560 1411 598 τοῦ
1433 553 1680 612 Ἥρα-κλέος.
1721 555 1889 614 Ἀγρων
1951 552 1959 563 ’

393 625 561 683 primus
604 624 862 667 nominatur
892 622 1127 680 Lydorum
1168 637 1247 667 rex
1288 638 1342 666 ex
1372 622 1717 670 Heraclidamm
1754 627 1894 684 gente

394 699 533 748 ortus,
565 697 815 771 postremus
849 693 1100 750 Κανδαὺλης
1131 691 1152 735 ὁ
1187 691 1365 748 Μὺρσου,
1398 692 1558 750 Gyges
1578 692 1854 739 nominum
1867 692 1892 738 ὁ

393 765 624 813 Amasim,
666 763 823 820 regina
863 762 888 819 ἱ,
921 766 1033 820 γυνή.
1095 761 1213 819 quod
1258 776 1308 805 eo
1350 761 1493 818 magis
1534 760 1783 806 notandum
1824 763 1895 809 eet

393 833 700 891 spectantibus
715 798 867 875 υἰ111ιιε
901 831 1067 875 aetatis
1099 846 1264 875 morem
1295 830 1486 875 maiores
1526 829 1817 876 enumerandi
1836 815 1895 876 et

391 918 417 946 a
459 902 544 946 diis
585 901 832 947 derivandi.
894 905 1132 959 postquam
1170 900 1404 959 perpaucis
1448 900 1597 944 verbis
1639 884 1893 946 introducti

393 975 511 1027 sunt,
557 972 706 1016 subito
739 970 991 1015 Candaules
1035 986 1132 1014 cum
1164 971 1300 1028 Gyge
1345 969 1632 1027 colloquitur.
1692 970 1771 1014 ubi
1812 968 1898 1015 fiat

392 1042 476 1086 hoc
507 1041 789 1100 colloquium,
836 1056 925 1084 non
955 1043 1180 1093 narratur,
1223 1039 1381 1084 statim
1412 1039 1560 1083 media
1590 1040 1638 1083 in
1667 1054 1718 1085 rc
1748 1043 1898 1085 sumus

394 1114 441 1156 et
487 1111 794 1169 colloquentes
842 1110 1058 1154 audimus.
1150 1110 1287 1154 etiam
1334 1109 1459 1153 aliud
1509 1108 1898 1155 animadversione

394 1181 579 1238 dignum
611 1184 700 1225 est:
743 1180 903 1237 Gyges
944 1183 1081 1237 atque
1110 1195 1190 1223 rex
1229 1179 1356 1224 nullo
1388 1180 1525 1223 verbo
1558 1178 1895 1235 describuntur3

393 1250 571 1309 qualem
614 1250 803 1308 speciem
845 1251 1103 1307 praebeant,
1150 1252 1261 1307 quot
1291 1264 1433 1293 annos
1465 1248 1676 1303 habeant,
1720 1248 1899 1308 qualem

393 1312 564 1365 vestem
595 1323 771 1378 gerant,
816 1319 931 1362 nihil
964 1320 1057 1363 eius
1089 1319 1209 1363 modi
1238 1322 1464 1363 narratur.
1526 1317 1646 1377 quod
1675 1320 1898 1374 notamus,

393 1390 500 1448 quia
521 1390 614 1434 alia
635 1392 704 1434 est
726 1392 909 1433 nostrae
930 1389 1099 1433 aetatis
1121 1388 1334 1433 narrandi
1357 1389 1491 1433 ratio.
1553 1402 1635 1433 nec
1654 1387 1896 1447 discrepat,

394 1459 515 1518 quod
557 1460 714 1517 regina
759 1459 953 1502 omnium
999 1459 1234 1503 mulierum
1275 1458 1579 1516 pulcherrima
1622 1455 1896 1516 appellatur,

391 1544 497 1573 nam
526 1529 653 1573 nullo
684 1529 783 1573 loco
815 1528 924 1572 haec
955 1528 1243 1586 pulchritudo
1273 1527 1556 1572 describitur.
1620 1525 1895 1572 Candauiam

394 1598 773 1657 pulchritudinem
814 1598 1115 1642 celebrantem
1154 1597 1371 1651 audimus,
1404 1597 1596 1655 Gygcm,
1636 1598 1690 1641 ut
1721 1598 1895 1655 spectet

395 1668 786 1727 pulchritudinem,
828 1668 970 1711 vitam
1002 1681 1125 1711 suam
1155 1667 1203 1710 in
1233 1666 1469 1711 discrimen
1507 1665 1800 1711 deducentem
1828 1665 1896 1711 vi·

396 1738 560 1792 demus,
615 1737 692 1782 sed
734 1751 975 1795 numquam
1019 1737 1160 1794 ipsam
1203 1735 1585 1794 pulchritudinem
1629 1738 1896 1794 spectamus,

396 1808 541 1862 immo,
585 1823 640 1850 ne
681 1810 777 1850 tum
820 1806 1015 1864 quidem,
1056 1821 1154 1850 cum
1184 1805 1343 1863 Gyges
1374 1820 1471 1850 eam
1502 1807 1680 1864 spectat
1717 1803 1896 1859 nudam,

395 1877 542 1934 qualis
588 1877 649 1920 sit
695 1875 986 1934 pulchritudo
1032 1876 1106 1920 vel
1150 1879 1427 1933 quantopere
1472 1877 1710 1919 moveatur
1739 1873 1897 1932 Gyges
1971 1903 1974 1905 -

394 1949 619 1989 narratur.
680 1945 971 2003 pulchritudo
1020 1946 1136 1988 enim
1166 1945 1256 1988 iam
1285 1945 1454 1988 nullius
1495 1944 1710 1989 momenti
1740 1946 1811 1988 est
1840 1942 1900 1988 ad

395 2015 596 2067 fabulam
621 2015 984 2070 continuandam,
1016 2030 1149 2073 quam
1181 2016 1235 2059 ob
1267 2029 1360 2058 rem
1389 2013 1682 2072 pulchritudo
1713 2013 1900 2059 ineunte

395 2084 553 2130 fabula
593 2085 729 2129 semel
772 2087 1117 2129 commemorata
1159 2087 1272 2138 erat,
1317 2085 1423 2142 quia
1462 2083 1620 2128 sabula
1659 2098 1712 2128 ea
1750 2098 1899 2147 move-

395 2157 543 2199 batur.

513 2224 655 2268 Porro
686 2223 917 2268 videamus
961 2222 1179 2281 quomodo
1219 2222 1358 2266 animi
1396 2224 1544 2265 motus
1584 2222 1762 2266 narrati
1793 2221 1898 2268 sint.

397 2294 649 2340 Candaules
695 2308 878 2337 uxorem
923 2296 1046 2336 amat
1092 2295 1220 2336 ratus
1267 2291 1352 2335 sibi
1410 2290 1757 2348 pulcherrimam
1803 2304 1899 2334 esse

395 2364 639 2417 mulierem,
663 2377 796 2420 quam
818 2363 938 2420 apud
959 2362 1137 2420 Gygem
1157 2360 1401 2420 praedicat.
1458 2359 1598 2417 Gygi,
1621 2362 1676 2403 ut
1697 2359 1900 2417 reginam

396 2436 570 2492 spectet
601 2431 780 2486 nudam,
812 2432 1081 2489 persuadere
1103 2433 1304 2484 conatur,
1338 2429 1547 2473 timorem
1577 2427 1764 2483 refellit,
1797 2439 1897 2473 con-

397 2504 546 2547 silium
576 2502 670 2545 dat.
733 2501 892 2545 deinde
925 2501 1105 2559 Gygem
1134 2501 1181 2543 in
1212 2498 1466 2543 cubiculum
1498 2498 1762 2552 introducit,
1806 2498 1896 2542 iam

397 2573 511 2615 nihil
554 2572 666 2629 agit,
718 2571 796 2614 sed
836 2571 1123 2623 interficitur.
1183 2584 1290 2612 num
1333 2568 1427 2611 eius
1470 2567 1607 2610 animi
1643 2569 1792 2611 motus
1824 2566 1899 2611 de-

399 2643 588 2699 scriptos
630 2656 724 2684 esse
764 2639 992 2683 dicamus?
1052 2637 1271 2696 quomodo
1311 2637 1431 2680 solus
1471 2636 1699 2694 particeps
1738 2639 1900 2681 tantae

397 2709 746 2769 pulchritudinis
779 2724 873 2752 esse
909 2709 1038 2762 nolit,
1081 2723 1168 2765 quo
1210 2707 1356 2750 animo
1389 2706 1569 2763 Gygem
1612 2705 1897 2764 adloquatur,

399 2781 441 2823 ei
472 2778 751 2836 persuadeat,
796 2781 1073 2835 quantopere
1104 2776 1355 2820 delectetur
1398 2775 1492 2818 eius
1536 2775 1766 2832 promisso,
1810 2789 1898 2834 quo
1951 2781 1956 2784 “
2045 2794 2060 2806 ·

398 2850 545 2893 animo
588 2863 686 2891 eum
731 2847 1003 2900 introducat,
1050 2845 1157 2903 quid
1197 2848 1354 2903 postea
1388 2845 1481 2902 ipse
1515 2846 1696 2900 sentiat,
1743 2848 1899 2891 utrum
1941 2902 1947 2906 ¹
