2060 3250
1020 185 1308 229 -14-

413 302 613 358 reginam
637 301 816 345 viduam
838 300 969 344 duxit
991 300 1036 343 in
1058 300 1404 354 matrimonium,
1427 316 1514 360 quo
1535 302 1660 346 facto
1680 300 1920 360 Lydoru-

413 387 490 414 rex
523 372 671 414 factus
703 375 785 415 est.

529 440 624 484 Hoc
657 445 755 484 erat
786 440 1139 493 fundamentum,
1184 455 1238 483 ex
1270 454 1357 498 quo
1389 443 1517 485 ortae
1549 443 1655 486 sunt
1694 444 1922 501 quattuor*

412 510 567 554 variae
597 510 790 554 fabulae.
853 510 1132 553 fabulatores
1165 509 1396 554 Candaule
1438 510 1683 556 interfecto
1722 512 1919 557 maxime

412 580 619 623 commoti
651 596 740 623 non
771 580 882 623 satis
914 579 1139 623 habebant
1162 594 1253 623 rem
1276 579 1419 637 ipsam
1438 579 1623 635 referre,
1655 579 1734 626 sed
1763 580 1916 641 cupidi

412 649 622 693 audiendi
654 666 742 693 non
773 649 892 707 quid,
937 649 1015 692 sed
1046 648 1265 706 quomodo
1296 650 1468 693 factum
1499 652 1631 707 esset,
1661 650 1917 710 interroga·

412 720 547 763 bant:
594 735 682 776 qua
733 720 910 763 ratione
961 721 1206 762 commotus
1253 718 1414 777 Gyges
1459 734 1610 777 regem
1651 719 1916 766 interfecit?

412 783 630 840 quomodo
663 783 821 840 regina
852 798 949 826 eum
982 782 1120 839 Gyge
1161 783 1401 826 coniuncta
1431 782 1556 827 fuit?
1615 798 1720 828 nam
1749 783 1799 828 hi
1826 785 1916 844 pri-

412 868 504 895 mas
527 855 680 910 partes
703 854 913 910 agebant,
948 851 1201 896 Candaules
1226 852 1455 896 secundas.
1517 853 1783 913 quicumque
1811 868 1916 899 nar·

412 923 575 966 rabant
613 922 668 967 de
709 923 788 966 hac
829 921 999 975 fabula,
1044 937 1095 966 eo
1138 923 1386 966 narrabant
1429 922 1572 978 modo,
1626 938 1715 982 quo
1746 923 1918 969 factam

413 1008 507 1036 esse
538 994 771 1050 fingebant
785 994 827 1049 ¹).

528 1062 671 1107 Aliud
702 1066 772 1107 est
803 1078 917 1121 quae
947 1063 1074 1107 facta
1105 1062 1196 1106 sint
1230 1077 1458 1121 quaerere,
1501 1062 1627 1107 aliud
1656 1065 1917 1109 eonstruere

411 1133 652 1191 genuinam
683 1133 897 1187 fabulam,
937 1148 991 1176 ex
1022 1147 1110 1191 qua
1141 1135 1319 1176 ceterae
1350 1132 1533 1177 fabulae
1564 1135 1693 1178 ortae
1723 1147 1820 1178 esse
1850 1133 1917 1179 vi-

413 1203 618 1247 deantur.
680 1196 949 1261 quamquam
991 1203 1105 1246 hane
1145 1203 1367 1246 rationem
1411 1202 1638 1247 referendi
1668 1202 1821 1248 varias
1847 1203 1918 1249 fa·

411 1273 544 1316 bulae
575 1274 742 1316 formas
774 1272 832 1316 ad
863 1288 999 1315 unum
1030 1272 1259 1330 exemplar
1290 1272 1467 1315 omnino
1507 1272 1722 1330 improbO,
1765 1276 1919 1319 tamen

412 1342 466 1386 de
499 1357 563 1397 ea,
597 1343 703 1400 quia
734 1342 815 1386 alii
835 1343 1076 1400 genuinam
1097 1341 1229 1385 huius
1250 1341 1434 1386 fabulae
1454 1342 1645 1386 formam
1673 1342 1918 1388 restituere

412 1412 565 1456 conati
612 1415 730 1465 sunt,
777 1426 920 1470 pauca
966 1411 1155 1456 dicenda
1201 1414 1317 1455 sunt.
1379 1411 1469 1456 viri
1511 1410 1633 1455 docti
1677 1411 1920 1470 genuinam

411 1484 601 1526 formam
643 1483 711 1526 ita
756 1485 1119 1534 construxerunt,
1163 1484 1216 1525 ut
1260 1481 1532 1539 comparatis
1575 1481 1714 1526 variis
1756 1482 1914 1526 formis

413 1552 526 1596 alias
549 1555 704 1610 partes
725 1552 995 1606 refutarent,
1029 1566 1194 1607 earum,
1226 1552 1386 1610 quibus
1409 1551 1553 1597 simile
1582 1550 1757 1610 aliquid
1786 1565 1916 1610 prae-

412 1622 508 1665 beri
541 1621 794 1675 videbatur,
835 1621 973 1664 aliam
1015 1637 1069 1665 ex
1115 1621 1210 1665 alia
1252 1620 1504 1665 derivatam
1545 1636 1641 1665 esse
1684 1623 1914 1679 putarent.

411 1691 539 1735 velut
571 1690 791 1735 Schubert
823 1691 1020 1749 (Konige
1053 1707 1091 1734 ν.
1124 1691 1244 1748 Lyd.
1275 1706 1318 1749 p.
1342 1691 1416 1747 31)
1446 1690 1685 1735 Plutarchi
1713 1690 1916 1735 fabuhn

411 1777 509 1804 cum
541 1761 704 1805 ceteris
746 1761 1017 1818 coniungere
1058 1760 1244 1805 studens
1277 1760 1550 1805 Candaulem
1581 1760 1703 1819 apud
1732 1759 1915 1805 Plutar-

410 1831 541 1874 chum
581 1834 973 1875 eommemoratum
1015 1831 1219 1886 alterius,
1267 1831 1345 1888 qui
1375 1845 1402 1874 a
1434 1830 1570 1888 Gyge
1609 1833 1801 1875 necatus
1839 1829 1913 1885 ait,
1993 1854 1998 1857 ·

409 1901 600 1944 fratrem
644 1914 738 1944 esse
782 1900 907 1944 dicit.
969 1900 1052 1943 Ed.
1083 1901 1240 1958 Meyer
1283 1900 1484 1957 (Forsch.
1516 1900 1566 1944 II
1596 1915 1639 1958 p.
1669 1899 1774 1957 240)
1812 1899 1919 1945 Ph-

409 1971 531 2014 tonis
561 1970 761 2014 fabulam
790 1970 1151 2028 antiquissimam
1182 1985 1277 2015 esse
1307 1973 1456 2028 putat,
1489 1985 1543 2014 ex
1574 1984 1664 2028 qua
1694 1969 1916 2015 Herodoti

367 2088 371 2093 ,
409 2039 579 2083 fabella
610 2040 778 2083 rationi
809 2039 1033 2097 adaptata
1055 2043 1155 2083 orta
1187 2040 1270 2095 sit;
1303 2039 1540 2083 Plutarchi
1570 2038 1773 2084 fabulam
1800 2038 1915 2083 nihil

410 2109 575 2153 valere.
638 2123 752 2166 quae
798 2109 1025 2152 nonnullis
1066 2109 1163 2152 veri
1203 2108 1368 2152 similia
1410 2123 1505 2152 esse
1535 2107 1795 2163 videantur,
1837 2106 1917 2154 sed

409 2179 635 2233 miramur,
694 2178 753 2222 ad
806 2181 1026 2237 quantum
1069 2193 1264 2222 errorem
1309 2177 1552 2236 perducere
1605 2178 1750 2236 possit
1804 2178 1915 2223 talis

409 2249 632 2307 quaestio,
665 2248 812 2307 qualis
837 2263 865 2292 a
885 2248 1200 2293 Gutschmidio
1231 2251 1277 2292 et
1309 2247 1501 2292 Smithio
1532 2247 1751 2291 instituta
1782 2250 1852 2292 est
1865 2246 1911 2303 ²).

531 2404 565 2446 1)
578 2401 765 2446 Quomodo
779 2402 967 2437 varientur
983 2400 1132 2437 fabulae
1143 2400 1426 2446 fabularumque
1436 2402 1561 2445 partes
1575 2399 1686 2436 etiam
1698 2409 1744 2435 ex
1762 2398 1914 2446 teghae

410 2461 616 2498 nominibus
643 2461 899 2506 intellegimus.
949 2459 1160 2496 Herodotus
1195 2460 1343 2505 reginae
1380 2468 1511 2495 nomeu
1536 2469 1608 2494 non
1634 2458 1765 2503 affert;
1801 2469 1824 2495 a
1848 2458 1914 2495 Ni-

410 2521 514 2557 colao
540 2521 749 2556 nominatur
774 2519 891 2563 Tudo,
918 2520 1083 2564 Amossi,
1109 2519 1252 2566 Mysiae
1277 2518 1385 2564 regis,
1410 2517 1506 2563 filia3
1541 2518 1773 2554 Ptolemaeus
1799 2518 1914 2555 Chen-

407 2590 476 2616 nus
502 2579 618 2625 (apud
642 2580 829 2624 Photium)
855 2580 965 2615 etiam
991 2579 1066 2615 alia
1091 2578 1262 2624 coguovit
1286 2578 1455 2614 nomina:
1482 2575 1605 2621 Num,
1633 2574 1774 2622 Κλυτία,
1796 2575 1909 2625 Ἀβρώ

410 2639 629 2685 nominatur,
666 2638 797 2683 quibus
823 2650 895 2674 non
921 2642 1114 2674 contentus
1141 2636 1455 2673 narratiunculam
1481 2635 1601 2680 affert,
1634 2646 1718 2681 qua,
1752 2646 1818 2672 cur
1842 2636 1913 2673 He·

408 2697 560 2734 rodotus
595 2708 724 2733 nomen
759 2698 973 2743 neglexerit,
1007 2697 1216 2743 explicatur
1255 2694 1319 2741 (cf.
1346 2695 1497 2731 Ptolem.
1532 2695 1816 2740 Hephaestionis
1851 2705 1911 2741 ap.

408 2757 514 2793 Phot.
541 2756 635 2792 Bibl.
662 2768 697 2802 p.
727 2759 796 2792 150
821 2757 946 2801 Bekk„
972 2768 1008 2802 p.
1037 2758 1116 2802 196,
1144 2758 1190 2793 16
1213 2756 1251 2791 in
1274 2755 1468 2791 Westerm.
1494 2753 1707 2800 Mythogr.).

529 2818 567 2861 2)
592 2815 817 2861 Gutschmffl,
843 2816 901 2851 Kl.
929 2816 1029 2852 Schr.
1056 2816 1089 2852 V
1114 2827 1150 2861 p.
1177 2817 1246 2860 53;
1273 2813 1401 2858 Smith,
1429 2813 1452 2848 l.
1479 2813 1503 2848 l.
1530 2824 1565 2859 p.
1592 2815 1661 2850 383
1676 2823 1730 2859 sq.
1789 2864 1791 2866 q

2030 277 2048 323 l
