1962 3178
1722 0 1739 15 V
1755 0 1765 4 “”
1774 0 1790 17 ’Σ
1800 0 1867 26 Ιν““.’,.

954 194 1243 238 ...56-

357 313 409 356 15
440 312 715 369 Fassungen,
747 310 840 354 Zts.
873 309 914 353 d.
949 309 1053 354 Ver.
1084 309 1117 354 f.
1148 308 1340 355 Volkslt.
1363 310 1419 355 13
1443 310 1594 368 (1903)
1613 324 1657 370 p.
1676 310 1761 356 801
1784 325 1850 371 tq.

351 381 442 425 tria
473 381 733 439 plerumque
764 381 888 423 furto
936 381 1041 423 sunt
1081 378 1317 437 abigenda,
1360 395 1549 439 quorum
1587 379 1638 426 in
1665 394 1850 427 numero

352 454 478 495 sunt:
520 451 677 504 lectus,
723 451 837 508 equi,
881 452 1029 503 boch,
1075 449 1279 494 sacerdos
1321 452 1460 508 atque
1504 450 1600 496 eius
1637 449 1849 507 famulus,

352 535 511 575 assum,
545 520 809 578 stragulum,
842 520 1015 563 anulus.
1658 556 1665 562 .

468 590 556 634 Sed
587 590 723 634 etiam
756 589 834 633 alii
865 589 1063 632 homines
1104 588 1461 646 peritissimi
1503 587 1693 634 alicuius
1736 588 1852 636 artis

352 661 398 704 in
429 660 608 704 fabellis
642 660 945 702 inveniuntur.
1008 659 1150 702 affero
1182 658 1419 715 Cambysis
1461 661 1619 714 artem,
1662 658 1742 719 qni
1782 671 1853 703 sa-

351 730 474 787 gitta
498 729 734 786 Prexaspis
757 728 897 771 filium
929 727 1061 772 corde
1082 727 1300 771 transfixo
1320 727 1540 772 interficit
1570 730 1619 772 et
1646 742 1701 772 ex
1720 729 1854 787 patre

352 799 530 857 quaerit
550 816 557 841 :
591 806 656 841 νῦν
688 800 730 841 δὲ
753 814 821 855 μοι
843 797 942 847 εἰπέ,
973 802 1061 841 τίνα
1084 797 1187 847 εἶδες
1212 798 1294 856 ἤδη
1317 802 1473 843 πάντων
1490 797 1720 855 ἀνθρώπων
1750 795 1855 843 οὕτω

354 868 555 912 ἐπίσκοπα
607 870 812 922 τοξεύντας
855 868 1015 926 quibus
1059 868 1307 926 Prexaspes
1350 866 1614 927 respondet:
1661 869 1853 920 δέσποτα,

354 936 439 982 οὐδ’
471 938 519 981 ἂν
551 937 670 982 αὐτὸν
702 939 828 993 ἔγωγε
872 938 1002 981 δοκέω
1042 941 1107 982 τὸν
1151 941 1251 982 θεὸν
1295 936 1398 981 οὕτω
1441 937 1490 981 ἂν
1531 940 1675 988 καλῶς
1714 939 1856 995 βαλσίν

351 1008 458 1064 (ΙΙΙ,
502 1009 587 1065 35).
649 1008 922 1052 simillimum
968 1011 1282 1065 argumentum
1321 1008 1369 1052 in
1408 1008 1645 1052 Persarum
1688 1007 1854 1054 fabulis

351 1078 570 1122 usitatum
603 1077 802 1121 videmus
845 1093 962 1122 esse:
1008 1078 1216 1136 princeps
1256 1077 1452 1136 quidam,
1493 1081 1735 1137 postquam
1761 1092 1854 1123 cer·

351 1163 454 1191 vum
477 1147 643 1204 insigni
667 1150 766 1191 arte
789 1148 1022 1191 interfecit
1045 1148 1231 1204 sagitta,
1265 1162 1440 1192 servam
1470 1163 1561 1192 non
1585 1146 1855 1193 admiratam

352 1232 450 1261 eum
483 1217 626 1260 violat
659 1219 933 1274 prostratam
977 1218 1051 1272 (cf.
1084 1217 1170 1260 Die
1201 1217 1337 1261 Reise
1367 1216 1448 1261 der
1478 1216 1627 1262 Siihne
1655 1216 1855 1263 Giaffers

351 1302 392 1344 p
427 1287 523 1340 203,
541 1287 608 1329 2b
644 1287 762 1340 „Der
793 1287 1141 1330 Meisterschuss“
1149 1303 1279 1345 ,quo
1310 1287 1407 1331 loco
1439 1287 1532 1332 alia
1564 1285 1769 1346 exempla
1797 1301 1854 1332 ex

350 1356 529 1400 Firdusi
562 1356 677 1400 libro
709 1356 899 1414 aliisque
931 1321 1214 1413 afferunttir).

467 1425 666 1479 Quocum
698 1429 963 1483 argumento
1006 1441 1138 1485 saepe
1180 1426 1306 1470 aliud
1347 1427 1656 1485 coniungitur:
1699 1427 1747 1471 in
1786 1427 1856 1472 fa·

351 1496 470 1539 bella
502 1496 583 1539 illa
626 1496 884 1540 Herodotea
929 1497 1007 1552 (,Π
1044 1497 1144 1554 121)
1183 1498 1259 1541 fur
1304 1497 1446 1542 servis
1491 1497 1650 1560 fratris
1695 1511 1856 1556 corpus

352 1566 709 1611 custodientibus
741 1569 900 1626 sopitis
931 1569 1097 1612 barbae
1129 1567 1334 1612 dextram
1365 1571 1542 1626 partem
1580 1567 1754 1623 tondet,
1794 1566 1855 1623 id,
1916 1609 1918 1611 ,

352 1636 470 1694 quod
491 1637 610 1694 apud
634 1638 875 1682 orientales
898 1638 1088 1682 dedecus
1109 1639 1359 1696 putabatur
1379 1638 1695 1696 gravissimum
1709 1637 1859 1695 (Stein

351 1707 398 1750 in
430 1706 581 1751 adnot.
616 1707 673 1751 ad
702 1708 764 1761 ΙΙ,
800 1709 971 1762 121‚29
1002 1709 1139 1753 affert
1179 1709 1242 1752 ΙΙ.
1275 1708 1392 1752 Sam.
1426 1709 1493 1763 10,
1510 1709 1568 1765 4).
1630 1707 1749 1752 idem
1787 1721 1858 1752 ar-

351 1781 611 1834 gumentum
644 1778 690 1820 in
723 1778 960 1822 Persarum
990 1779 1158 1823 fabulis
1189 1778 1469 1836 agnoscimus
1513 1778 1616 1841 (Die
1647 1778 1785 1823 Reise
1813 1776 1855 1822 d.

351 1844 395 1889 S·
432 1845 804 1974 Glfglggdoiuvat
846 1918 1002 1962 audire
1041 1918 1231 1973 fabulas,
1275 1919 1435 1977 quibus
1479 1917 1680 1962 homines
1721 1931 1858 1976 prn-

352 1984 578 2041 dentia,
622 1987 991 2042 calliditate,
1037 1989 1394 2046 sagacitate,
1427 1987 1600 2046 aliquid
1630 1989 1884 2032 assecutos*

353 2069 448 2098 esse
479 2060 703 2099 narratur.
751 2058 836 2100 huc
857 2058 1087 2114 pertinent
1111 2058 1256 2102 multa
1278 2058 1494 2116 exempla,
1526 2058 1688 2116 quibus
1718 2056 1859 2101 dolis

359 2123 575 2169 adhibitis
620 2126 863 2183 prudentes
895 2143 940 2171 se
971 2131 1206 2185 praestant
1236 2127 1449 2172 homines.
1510 2126 1715 2185 plurimis
1745 2125 1861 2172 dolis

349 2194 396 2237 in
428 2194 545 2238 bello
566 2196 635 2239 usi
656 2196 855 2240 homines
877 2200 1091 2255 superant
1117 2197 1268 2241 hostes
1293 2198 1343 2252 (Ι,
1366 2197 1423 2240 59
1445 2212 1527 2255 sq.:
1562 2196 1855 2254 Pisistratus;

351 2264 389 2317 I,
422 2264 501 2308 80:
533 2264 797 2323 Harpagus3
831 2267 919 2320 ΠΙ,
954 2268 1057 2311 155:
1091 2267 1318 2325 Zopyrus;
1351 2266 1433 2319 IV,
1469 2268 1577 2311 135:
1621 2266 1855 2324 Gobrya83

353 2333 434 2387 IV,
467 2335 575 2377 200:
609 2336 828 2391 aerarius;
863 2338 971 2380 201:
994 2337 1204 2394 Amasis).
1249 2336 1506 2395 saepissime
1537 2336 1676 2381 etiam
1704 2335 1859 2381 hostes

354 2403 403 2446 in
436 2404 656 2461 epulando
690 2410 960 2464 superantur
981 2407 1084 2451 dolo
1104 2408 1157 2464 (I,
1181 2408 1250 2460 63,
1276 2408 1371 2461 106,
1397 2407 1493 2461 Ιὸθ,
1527 2407 1625 2461 191,
1656 2407 1767 2462 2113
1791 2406 1857 2462 11,

356 2474 462 2528 1003
497 2474 575 2528 IV,
611 2477 715 2531 1283
749 2477 805 2529 V,
840 2478 913 2533 18;
960 2478 1039 2531 VI,
1073 2478 1158 2534 78).
1219 2478 1380 2536 quibus
1424 2475 1638 2534 exemplis
1683 2478 1766 2521 aut
1804 2490 1860 2521 ex
1893 2491 1921 2512 x

355 2543 540 2600 antiqua
572 2545 769 2589 bellandi
810 2551 909 2591 arte
952 2548 1061 2592 haec
1101 2547 1410 2605 intellegenda
1454 2562 1549 2591 esse
1591 2549 1673 2591 aut
1713 2545 1859 2592 Hero·

357 2611 511 2655 dotum
543 2616 697 2671 typico
729 2633 850 2660 more
881 2632 1087 2661 narrasse
1119 2617 1417 2661 demonstrari
1449 2616 1557 2660 mihi
1589 2615 1785 2661 videtur.

476 2683 626 2727 Etiam
673 2688 817 2743 magis
862 2688 1096 2732 audientes
1140 2687 1485 2732 delectabantur
1527 2686 1655 2741 dolis,
1699 2686 1860 2746 quibus

1959 254 1962 257 ,
1934 136 1958 191 *a*
1955 96 1957 98 .

355 2765 443 2794 non
474 2763 565 2802 tam
600 2757 797 2800 bellandi
830 2758 998 2815 peritos
1030 2773 1163 2816 quam
1194 2756 1612 2801 callidissimos
1651 2771 1699 2801 se
1727 2751 1873 2815 prae-'
1950 2782 1954 2784 v

357 2833 479 2871 stant
512 2828 724 2870 homines.
772 2842 1027 2885 comparare
1054 2843 1285 2885 possumus
1321 2826 1405 2870 hoc
1426 2828 1741 2883 argumentum
1761 2841 1861 2871 cum
1923 2854 1930 2857 -
