1962 3178
971 245 1262 289 ..74-

364 361 608 419 eliguntur,
656 375 770 420 quae
801 360 1115 405 describuntur
1145 375 1196 405 eo
1227 359 1378 414 modo,
1421 374 1509 419 quo
1539 373 1673 419 quam
1713 357 1872 405 dilud-

366 431 574 476 dissimae
604 431 718 475 fiant
763 429 915 475 oculis.
979 430 1236 475 brevissime
1275 432 1545 485 narrantur,
1588 443 1704 489 quae
1742 432 1870 475 ante·

364 500 541 554 cedunt,
574 501 734 559 quibus
765 499 823 544 ad
853 500 1027 544 culmen
1058 499 1353 558 perducimur,
1386 499 1433 543 in
1463 498 1655 544 culmine
1683 498 1869 547 fabulae

364 571 460 629 ipso
476 584 720 615 moramur:
740 570 977 628 imaginem
995 570 1245 628 aspicimus.
1288 568 1416 613 velut
1430 568 1556 627 Atys
1578 570 1627 613 et
1641 560 1869 622 Adrastus

364 640 557 698 profecti
590 644 802 685 venatum
846 655 966 683 suem
1000 640 1248 690 inveniunt,
1298 639 1498 696 cingunt,
1542 636 1773 684 Adrastus
1802 638 1870 683 in-

364 710 532 754 terficit
563 710 720 767 Atym,
755 724 910 753 servus
943 709 1105 752 Croeso
1136 709 1344 751 nuntium
1375 708 1534 752 affert:
1579 707 1730 753 omnia
1775 707 1870 754 bre·
1950 707 1955 710 ⁴

364 779 543 823 vissimc
575 783 830 823 narrantur.
894 783 989 821 tum
1022 777 1145 835 Lydi
1175 777 1424 822 adveniunt
1454 781 1592 836 atque
1626 777 1753 836 quies
1782 778 1867 832 eut,

369 850 515 906 imago
561 848 842 902 describitur,
888 863 975 905 qua
1017 852 1117 891 tota
1162 847 1397 892 calamitas
1428 846 1707 892 illustratur:
1747 845 1871 906 Lydi

363 918 513 974 Atyos
545 918 694 961 necati
726 933 883 976 corpus
916 920 1117 975 portant,
1160 916 1386 961 Adrastus
1433 932 1507 961 eos
1538 917 1754 976 sequitur,
1798 930 1869 961 ac·
1958 975 1962 980 Ι

365 987 484 1031 cedit
516 987 574 1031 ad
604 1002 776 1045 corpus,
821 1002 977 1031 manus
1008 986 1179 1040 tendit,
1224 990 1276 1030 ut
1309 986 1611 1031 interficiatur
1640 986 1868 1046 implorat,

366 1072 411 1100 se
442 1060 623 1100 accusat
668 1057 721 1110 (Ι,
753 1058 840 1113 45).
912 1056 1181 1112 Polycrates
1223 1056 1405 1101 anulum
1449 1056 1496 1100 in
1538 1069 1660 1100 mare
1705 1055 1868 1101 abicit:

362 1126 602 1178 hoc‚modo
634 1141 713 1170 nos
746 1127 938 1170 fortasse
970 1140 1264 1169 narraremus.
1327 1125 1436 1183 quid
1465 1124 1756 1170 Herodotus?
1800 1125 1869 1170 vi·

363 1195 515 1239 demus
547 1195 836 1252 Polycratem
868 1196 974 1239 navi
1006 1196 1257 1252 profectum
1300 1195 1347 1239 in
1390 1195 1487 1239 alto
1530 1195 1644 1239 mari
1684 1194 1868 1241 anulum

365 1263 511 1321 digito
553 1264 887 1318 detrahentem,
932 1264 1185 1308 detractum
1228 1265 1429 1308 omnibus
1472 1265 1781 1323 spectantibus
1818 1265 1870 1310 in
1952 1305 1962 1326 ς.

363 1349 482 1377 mare
522 1333 806 1378 deicientem:
852 1334 966 1377 hanc
1013 1334 1325 1391 gravissimam
1369 1349 1463 1379 rem
1504 1349 1595 1379 non
1635 1336 1869 1382 narratum

363 1404 615 1461 accipimus,
649 1403 726 1447 sed
757 1407 904 1447 actam
929 1403 1130 1447 videmus
1153 1404 1257 1460 (ΙΙΙ,
1274 1404 1360 1461 41).
1405 1403 1678 1450 Demooedes
1707 1406 1868 1464 eaptus

365 1474 409 1516 in
432 1489 658 1517 servorum
681 1489 862 1517 numero
886 1477 1006 1517 erat:
1030 1473 1248 1532 quomodo
1267 1473 1526 1519 Herodotus
1546 1473 1659 1519 haec
1676 1473 1869 1520 namt?

365 1548 546 1587 catenas
593 1558 693 1587 suas
725 1544 937 1587 trahebat
979 1547 1025 1587 et
1068 1544 1227 1602 pannis
1269 1547 1369 1588 erat
1412 1543 1584 1589 obsitus
1614 1543 1719 1599 (ΙΙΙ,
1753 1544 1868 1601 129).

363 1618 520 1670 postea
552 1629 605 1656 ex
638 1614 920 1670 pauperrimo
953 1613 1077 1657 djves
1109 1614 1229 1671 regis
1251 1613 1446 1658 medicus
1467 1614 1617 1659 factus
1649 1616 1744 1658 est:
1771 1628 1868 1659 mu·

366 1683 496 1726 lieres
530 1686 707 1726 tantam
738 1684 837 1726 auri
878 1684 1050 1740 copiam
1083 1684 1252 1740 pateris
1296 1700 1350 1728 ex
1395 1684 1511 1728 cista
1540 1683 1752 1728 haustam
1780 1683 1870 1729 De·
1916 1711 1919 1713 Δ

365 1752 533 1795 mocedi
566 1752 749 1805 donant,
782 1758 833 1795 ut
866 1768 1032 1806 servm,
1078 1754 1153 1811 qui
1199 1770 1296 1797 eum
1329 1756 1508 1798 secutus
1538 1756 1746 1808 stateres,
1789 1753 1869 1813 qui

364 1821 537 1879 delapsi
569 1826 711 1876 erant,
744 1821 943 1879 collegit,
976 1822 1071 1879 ipse
1094 1838 1267 1880 quoque
1295 1823 1420 1868 dives
1441 1823 1524 1867 fiat
1545 1823 1734 1868 collecto
1755 1837 1867 1868 auro

365 1891 471 1946 (III,
509 1891 618 1947 130).
682 1891 974 1935 Psammeniti
1005 1893 1124 1949 regis
1163 1893 1257 1936 filia
1302 1908 1457 1937 servae
1500 1893 1771 1938 vestimento
1801 1893 1892 1941 inm,
1913 1922 1946 1931 -ψ

369 1961 481 2004 duta
511 1977 609 2004 cnm
641 1962 856 2019 amphora
885 1965 1123 2020 aquatum,
1168 1963 1286 2006 filius
1318 1964 1478 2022 laqueo
1521 1963 1770 2008 cervicibus
1800 1963 1868 2007 in-
1907 2006 1909 2008 .

369 2031 483 2074 iecto
516 2035 652 2088 atque
674 2032 961 2089 capistratus,
994 2047 1127 2075 senex
1153 2032 1406 2076 mendicans
1438 2035 1731 2091 praetereunt
1761 2030 1867 2090 (III,

368 2101 461 2152 14):
495 2101 711 2157 imagines
743 2103 861 2155 sunt,
893 2115 1003 2159 quas
1036 2101 1175 2145 oculis
1207 2101 1420 2145 videmus.
1482 2101 1598 2145 addo
1630 2103 1869 2146 venustam

366 2169 489 2213 illam
522 2169 710 2227 Cypseli
740 2170 917 2228 pueruli
948 2170 1186 2228 imaginem
1217 2170 1288 2226 (V,
1322 2171 1419 2224 92):
1465 2170 1615 2215 decem
1657 2171 1870 2227 virorum,

365 2239 454 2297 qui,
498 2242 550 2282 ut
592 2239 868 2283 interficiant
912 2240 1158 2297 puerulum,
1203 2255 1230 2283 a
1272 2239 1538 2284 Bacchiadis
1581 2241 1704 2284 missi
1747 2243 1866 2296 sunt,

365 2312 602 2366 postquam
633 2312 901 2366 acceperunt
932 2309 1176 2367 Cypselum
1207 2325 1233 2353 a
1255 2314 1412 2364 matre,
1459 2325 1573 2354 unus
1604 2309 1685 2354 dat
1716 2310 1867 2366 alteri,
1957 2331 1962 2335 ·

365 2378 484 2422 alter
514 2379 667 2431 tertio,
700 2379 865 2422 tertius
909 2380 962 2432 ei,
1004 2380 1080 2437 qui
1123 2380 1328 2438 sequitur
1370 2379 1624 2438 puerulum;
1673 2379 1870 2424 omnium

366 2447 515 2491 decem
546 2449 743 2492 virorum
774 2449 924 2492 nullus
956 2449 1093 2493 audet
1137 2465 1236 2494 eum
1278 2464 1449 2500 necare,
1493 2465 1641 2494 omnes
1683 2450 1868 2495 miseret

364 2517 581 2561 infantuli
612 2518 722 2561 viris
743 2518 999 2572 arridentis,
1033 2523 1170 2577 atque
1188 2519 1345 2563 Labda
1377 2523 1523 2563 mater
1552 2523 1656 2578 post
1687 2522 1868 2578 portam

369 2587 503 2630 anxia
534 2587 763 2631 auscultat
780 2588 824 2642 ¹).

481 2712 659 2763 Restat,
693 2715 744 2755 ut
777 2726 909 2756 unam
946 2728 1037 2756 rem
1067 2716 1325 2756 tractemus.
1386 2713 1644 2758 Herodotus
1685 2712 1868 2759 fabellis

367 2779 547 2834 auditis,
580 2795 690 2838 quas
722 2787 892 2831 narrat,
934 2781 1042 2840 quid
1081 2783 1175 2840 ipse
1219 2782 1446 2827 addiderit
1489 2782 1734 2828 diiudicare
1778 2782 1870 2828 iam

489 2876 523 2917 ιγ)
552 2872 603 2908 De
629 2874 846 2918 imaginibus
874 2875 909 2909 in
937 2874 1074 2910 fabulis
1101 2875 1327 2911 Germanicis
1355 2875 1402 2911 cf.
1430 2876 1533 2911 olrik
1560 2888 1593 2922 p.
1621 2879 1653 2912 9.
