2002 3224
963 211 1252 255 —50—

353 333 533 373 mortuo
564 343 653 371 non
682 328 805 386 prius
836 330 1008 380 narrat,
1041 339 1174 385 quam
1194 329 1370 385 tempus
1402 327 1463 372 sit
1495 326 1672 372 consilii
1698 323 1858 373 dandi!

354 399 544 443 Matrem
575 397 658 441 filii
688 397 853 441 mortui
899 396 1052 440 dolore
1096 399 1360 440 commotam
1411 400 1507 442 tam
1542 396 1621 441 diu
1647 395 1862 442 tacuisse

356 468 534 511 omnino
564 467 765 524 cogitare
808 482 896 509 non
937 480 1184 523 possumus.
1244 479 1348 509 nam
1392 470 1582 511 matrem
1623 465 1862 525 puerulum

356 553 482 582 suum
515 552 603 580 non
635 551 804 580 amasse
836 536 1005 592 fingere
1036 550 1126 579 non
1155 535 1277 589 licet,
1315 535 1480 594 quippe
1509 550 1625 595 quae
1654 538 1859 584 materno

357 622 509 652 amore
540 606 731 664 impulsa
762 605 807 648 id
838 608 961 662 agat,
1004 607 1056 648 ut
1086 604 1226 663 ipsius
1258 604 1377 649 filius
1409 605 1588 649 summis
1617 604 1862 651 honoribus

357 677 582 721 afficiatur
624 679 760 732 atque
803 689 916 732 quae
962 674 1146 731 Cyrum,
1190 674 1386 718 alienum
1425 673 1686 733 puerulum,
1727 676 1862 721 tuto

356 761 506 790 amore
560 744 897 801 complectatur.
973 744 1066 787 alia
1115 744 1260 801 igitur
1305 758 1439 787 causa
1490 742 1734 788 statuenda
1776 745 1862 799 est,

355 830 488 873 quam
519 814 699 857 maximi
732 814 944 856 momenti
986 813 1044 857 ad
1083 812 1313 871 dialogum
1343 812 1652 858 Herodoteum
1681 812 1865 859 intelle·

355 885 548 942 gendum
580 899 674 927 esse
705 887 928 941 putamus.
992 883 1205 941 puerulus
1234 886 1450 938 mortuus,
1482 883 1559 928 ubi
1587 883 1863 929 necessarius

355 958 425 998 est
448 958 585 1011 atque
607 952 664 996 ad
686 953 918 996 consilium
941 956 1091 1011 aptus,
1123 956 1507 997 commemoratur.
1550 968 1607 998 ne
1626 953 1864 1012 perspicua

355 1028 491 1082 atque
524 1022 722 1067 dilucida
752 1038 900 1066 rerum
933 1023 1070 1067 series
1101 1024 1410 1081 perturbetur,
1453 1038 1545 1067 non
1581 1023 1708 1082 prius
1748 1038 1864 1068 com·

355 1096 641 1138 memoratur.
703 1107 807 1136 nam
837 1093 875 1136 si
906 1096 1052 1136 mater
1083 1092 1242 1136 statim
1264 1093 1418 1137 locuta
1449 1095 1567 1137 esset
1598 1092 1654 1138 de
1684 1095 1864 1140 mortuo

357 1163 547 1222 puerulo
591 1163 659 1219 (id
698 1162 817 1221 quod
859 1165 1205 1207 consentaneum
1255 1165 1400 1217 erat),
1444 1162 1499 1207 de
1544 1161 1627 1207 hoc
1671 1162 1866 1221 primum

358 1249 499 1277 sermo
532 1237 650 1276 esset
679 1233 876 1287 habitus,
918 1231 995 1276 sed
1027 1232 1152 1290 Cyro
1181 1231 1379 1277 nondum
1410 1234 1752 1276 commemorato
1782 1230 1866 1277 hoc

358 1318 558 1347 sermone
588 1302 654 1346 nil
686 1305 807 1346 esset
845 1303 1078 1358 effectum;
1125 1300 1285 1346 deinde
1327 1304 1485 1359 pastor
1526 1301 1583 1346 de
1613 1301 1737 1359 Cym
1762 1315 1867 1348 nm:-

357 1376 495 1427 raret,
543 1376 639 1416 tum
671 1388 784 1416 uxor
813 1372 945 1416 daret
977 1371 1211 1416 consilium
1255 1374 1393 1430 atque
1434 1371 1601 1415 iterum
1629 1371 1868 1430 puerulum

356 1447 579 1487 mortuum
602 1445 978 1486 commemoraret.
1027 1442 1222 1500 priorem
1243 1442 1388 1499 igitur
1418 1455 1664 1486 sermonem
1685 1455 1714 1485 a
1735 1441 1864 1494 nobis

356 1514 510 1557 fictum
543 1527 922 1571 supervacaneum
954 1527 1050 1556 esse
1081 1511 1389 1570 intellegimus
1426 1526 1481 1555 ex
1509 1509 1734 1555 Herodoti
1760 1525 1866 1562 ¹nar·

359 1582 490 1627 randi
522 1587 634 1637 arte,
668 1597 755 1640 qua
786 1582 832 1625 id
865 1582 1007 1626 solum
1037 1584 1266 1637 narratur,
1298 1580 1419 1639 quod
1447 1579 1621 1639 aliquid
1650 1579 1778 1626 valet
1806 1580 1868 1626 ad

360 1653 562 1697 fabulam
593 1652 914 1710 explicandam.
968 1667 1022 1696 ex
1052 1667 1159 1696 vero
1182 1651 1364 1709 dialogo
1395 1651 1521 1695 facta
1552 1653 1622 1695 est
1652 1649 1875 1705 continua,

361 1723 558 1781 pastoris
590 1726 726 1780 atque
757 1722 971 1765 continua
1001 1722 1154 1766 uxoris
1188 1722 1348 1765 oratio.
1410 1720 1730 1778 impedimenta
1763 1735 1868 1779 cog·

360 1793 581 1836 noscimus
613 1793 708 1836 veri
740 1791 922 1849 dialogi,
956 1791 1191 1835 continuas
1221 1791 1326 1835 illas
1349 1790 1575 1834 orationes
1605 1805 1697 1834 non
1725 1790 1866 1835 inter-

362 1865 520 1920 ruptas
551 1862 864 1919 interrogante
895 1861 970 1905 vel
1000 1863 1220 1919 probante
1262 1861 1412 1904 altera
1439 1874 1644 1918 persona.
1706 1860 1868 1916 omnia,
1927 1898 1929 1900 .

362 1946 477 1990 quae
508 1931 656 1975 altera
686 1946 878 1988 persona
920 1931 974 1974 de
1018 1946 1064 1975 se
1095 1935 1233 1988 atque
1266 1946 1320 1974 ex
1352 1945 1430 1974 suo
1474 1929 1571 1975 loco
1615 1928 1763 1974 dicere
1790 1943 1870 1988 po·
1923 1954 1930 1958 ·

363 2004 469 2055 test,
503 2017 592 2044 non
624 2002 923 2059 compluribus
951 2001 1161 2045 brevibus
1194 2000 1469 2044 sermonibus
1499 2003 1758 2056 narrantur,
1791 1997 1871 2044 sed

365 2070 659 2125 differuntur,
716 2070 864 2128 quoad
920 2071 1135 2114 continua
1178 2070 1383 2114 oratione
1435 2084 1652 2128 personae
1694 2068 1870 2114 animus

366 2139 645 2183 ostendatur.
708 2140 945 2194 orationes,
978 2140 1138 2197 quibus
1169 2139 1235 2182 m‘l
1267 2139 1460 2182 efficitur
1501 2139 1715 2197 (pastoris
1744 2153 1870 2184 recu-
1913 2140 1919 2147 “

366 2210 523 2264 santis,
569 2210 721 2253 uxoris
751 2210 925 2253 frustra
966 2209 1206 2267 precantis,
1247 2209 1446 2266 pastoris
1490 2209 1724 2253 cousffium
1765 2222 1868 2267 pro·

366 2279 534 2334 hantis)
566 2282 647 2322 aut
688 2279 864 2322 omnino
907 2279 1183 2322 omittuntur
1223 2282 1304 2322 aut
1348 2279 1404 2322 ab
1433 2278 1680 2333 Herodoto,
1722 2293 1814 2322 non
1842 2290 1880 2323 a

366 2350 567 2407 personis
607 2349 716 2407 ipsis
763 2349 1023 2392 brevissime
1065 2349 1339 2392 referuntur.
1408 2347 1626 2392 nonnulla
1667 2347 1873 2407 exempla

366 2418 552 2463 addam:
584 2419 826 2477 Harpagus
857 2418 1033 2462 domum
1053 2433 1259 2463 reversus
1290 2419 1347 2462 ab
1368 2433 1507 2462 uxore
1527 2417 1637 2476 quid
1663 2417 1871 2464 facturus

369 2489 429 2532 sit
471 2490 793 2546 interrogatus,
837 2488 1109 2547 respondens
1155 2488 1357 2532 omnibus
1397 2488 1541 2532 causis
1581 2487 1738 2532 allatis
1768 2502 1871 2532 con-

370 2559 518 2603 silium
549 2559 758 2617 explicat,
801 2574 913 2603 uxor
951 2559 1018 2602 nil
1059 2558 1300 2616 respondet
1343 2558 1398 2614 (I,
1433 2558 1546 2613 109).
1608 2557 1755 2607 etiam,
1786 2556 1872 2615 hoc

369 2629 465 2672 loco
510 2629 789 2686 agnoscimus
831 2629 958 2672 illam
1004 2628 1182 2686 plenam
1228 2630 1274 2672 et
1320 2628 1579 2671 continuam
1621 2627 1873 2674 orationem

372 2699 604 2742 afferentis
626 2713 707 2742 sua
738 2702 898 2756 sponte
929 2713 1085 2742 causas
1117 2698 1255 2742 etiam
1286 2711 1374 2751 eas,
1406 2697 1461 2740 de
1481 2697 1641 2755 quibus
1661 2696 1782 2741 alter
1804 2696 1874 2750 in:

370 2770 605 2825 terrogare
643 2771 838 2826 poterat.
910 2771 1012 2812 tota
1054 2783 1125 2812 res
1166 2767 1370 2811 oratione
1414 2766 1692 2823 exhauritur,
1734 2765 1874 2811 alteri

371 2837 485 2881 nihil
516 2841 662 2881 restat
694 2838 939 2892 dicendum,
973 2838 1052 2882 sed
1080 2841 1218 2893 tacet,
1250 2837 1441 2882 tacendo
1473 2838 1648 2895 probat.
1706 2835 1872 2883 Uxoris
1960 2849 1966 2854 ‘

1975 344 1989 361 A.
