2060 3250
1014 259 1304 303 -22-

526 379 669 434 Quam
692 380 747 422 ob
769 394 859 422 rem
883 378 1061 435 Gygem
1093 390 1319 421 recusasse
1349 378 1564 420 narratur
1593 375 1788 429 tantum,
1817 388 1908 419 non

409 451 504 508 ipse
549 449 753 493 oratione
797 451 1002 492 recusat
990 447 1011 478 2
1071 447 1109 490 si
1140 446 1296 504 Gyges
1339 448 1580 500 recusaret,
1625 444 1783 489 statim
1824 442 1910 488 hae

409 535 456 563 1e
501 519 567 562 nil
613 519 725 562 effici
772 533 900 576 posse
948 516 1336 574 intellegeremus3
1383 530 1487 560 nam
1531 529 1630 559 cum
1661 513 1790 572 Gygi
1823 512 1909 559 hoe

408 590 504 633 loco
528 588 762 633 recusandi
783 587 979 631 facultas
1002 586 1214 644 adempta
1235 586 1309 639 sit,
1332 585 1556 630 recusatio
1577 596 1910 643 supervacanea

409 662 491 704 est.
554 659 690 703 aliter
722 674 791 702 res
824 674 869 701 se
901 657 1097 700 habebat
1129 656 1175 699 in
1207 655 1289 699 illa
1320 654 1513 699 secunda
1545 654 1763 699 oratione.
1812 652 1910 698 illic

409 729 566 786 Gyges
614 743 821 771 recusans
878 730 1024 770 totam
1068 725 1268 769 fabulam
1324 726 1509 783 poterat
1562 722 1772 778 retinere,
1821 721 1909 778 hie,

410 803 560 841 utrum
592 800 769 841 recuset
799 812 936 840 necne
957 795 1124 839 nullius
1146 794 1360 839 momenti
1382 797 1475 838 est:
1509 793 1701 851 cogitur.
1752 791 1912 851 Gyges

411 868 554 925 igitur
585 883 671 924 quo
713 866 841 910 modo
882 867 967 910 sibi
997 865 1207 910 facienda
1237 865 1298 909 sit
1329 863 1486 909 caedes
1517 862 1710 922 quaerit.
1770 861 1912 907 laedi-

410 942 544 981 turne
595 937 678 981 hac
729 936 985 981 variatione
1037 939 1294 979 structurae
1345 932 1642 992 symmetria?
1715 931 1909 977 minime.

409 1008 556 1051 oratio
588 1010 717 1051 sexta
749 1006 954 1064 excipere
983 1008 1167 1064 poterat
1198 1007 1420 1063 quartam,
1464 1003 1511 1047 id
1542 1002 1662 1062 quod
1692 1003 1740 1047 in
1768 1001 1913 1048 tertia

409 1077 614 1121 oratione
661 1076 875 1130 videmus,
926 1091 1042 1134 quae
1089 1075 1257 1133 excipit
1304 1073 1552 1119 secundam.
1627 1072 1738 1117 licet
1781 1074 1912 1118 sexta

408 1146 691 1191 continuatio
723 1136 784 1190 si't
815 1150 1018 1204 quartae,
1052 1145 1202 1203 Gygis
1235 1145 1395 1199 oratio,
1437 1143 1544 1202 quia
1574 1141 1798 1188 recusatio
1827 1141 1912 1186 hoc

409 1216 505 1261 loco
539 1233 593 1260 ex
628 1215 885 1260 Herodotea
923 1215 1139 1259 narrandi
1180 1218 1282 1258 arte
1313 1213 1565 1259 omittenda
1606 1215 1719 1267 erat,
1760 1226 1912 1271 super-

410 1301 608 1330 vacanea
649 1289 731 1330 est.
793 1300 944 1344 quare,
985 1301 1041 1330 ne
1085 1285 1315 1329 deleretur
1354 1283 1631 1340 symmetria,
1674 1283 1731 1327 ab
1769 1281 1913 1326 Hero·

410 1356 517 1399 doto
548 1356 658 1400 haec
698 1356 858 1414 quinta
899 1355 1045 1398 oratio
1087 1355 1156 1398 ita
1194 1354 1442 1412 composita
1473 1356 1520 1397 et
1550 1353 1674 1398 inter
1702 1350 1817 1418 duas
1843 1364 1914 1396 re-

409 1427 543 1485 ginae
591 1426 819 1470 orationes
865 1425 1016 1483 posita
1060 1428 1141 1469 est.
1204 1439 1290 1483 quo
1337 1423 1467 1467 modo
1514 1421 1780 1480 symmetria
1822 1435 1914 1467 non

410 1497 601 1550 deletur,
645 1499 798 1540 tamen
828 1511 917 1539 non
948 1495 1082 1553 plane
1123 1494 1277 1539 eadem
1316 1493 1494 1538 ratione
1525 1491 1729 1550 singulae
1758 1494 1914 1550 partes

409 1567 529 1610 inter
561 1581 607 1609 se
638 1565 924 1623 respondent,
957 1564 1036 1609 sed
1066 1564 1309 1608 artificiose
1330 1563 1581 1608 variantur.

525 1637 624 1680 Iam
654 1635 885 1680 videamus
917 1650 1006 1693 qua
1045 1634 1222 1678 ratione
1262 1634 1533 1691 colloquium
1568 1634 1803 1676 narratum
1834 1631 1908 1686 sit,

409 1706 628 1764 quomodo
660 1706 866 1763 dialogus
899 1707 955 1749 ab
975 1704 1208 1748 Herodoto
1241 1706 1546 1761 componatur.
1592 1716 1766 1760 semper
1794 1700 1911 1746 duae

410 1790 626 1834 personae
657 1775 985 1833 colloquuntur.
1030 1774 1151 1832 quod
1179 1775 1227 1817 in
1258 1773 1340 1817 hac
1361 1773 1532 1817 fabella
1562 1773 1911 1816 consentaneum

411 1848 523 1900 erat,
557 1846 663 1903 quia
692 1861 835 1903 neque
867 1845 1025 1902 regina
1055 1844 1278 1902 colloquio
1316 1843 1438 1887 inter
1468 1843 1650 1900 Gygem
1680 1843 1728 1886 et
1758 1855 1911 1898 regem
1974 1888 1978 1891 ,

410 1931 553 1974 neque
569 1931 648 1959 rex
665 1915 886 1973 colloquio
903 1915 1025 1958 inter
1038 1915 1220 1972 Gygem
1238 1916 1284 1958 et
1300 1914 1503 1971 reginam
1520 1912 1677 1956 habito
1693 1911 1912 1956 interesse

411 1989 606 2044 poterat.
670 1984 748 2029 sed
769 2000 923 2029 verum
945 1984 1175 2041 dialogum
1204 1998 1294 2027 non
1327 1986 1506 2027 exstare
1537 1982 1627 2026 iam
1657 1980 1914 2026 orationum

411 2071 642 2099 numerum
684 2057 940 2112 spectantes
984 2054 1303 2112 intellegimus.
1366 2067 1539 2110 semper
1578 2051 1699 2096 alter
1738 2049 1912 2105 suadet,

412 2125 531 2169 alter
562 2124 814 2182 respondet,
848 2123 1007 2168 deinde
1039 2124 1204 2167 iterum
1235 2123 1380 2180 prima
1409 2136 1602 2180 persona
1631 2121 1836 2180 loquitur
1866 2122 1914 2164 et

412 2210 504 2238 rem
536 2194 594 2237 ad
625 2194 794 2238 exitum
834 2193 972 2237 ducit.
1034 2207 1166 2251 quam
1205 2193 1395 2236 formam
1426 2192 1470 2249 (a
1500 2193 1528 2235 b
1560 2191 1604 2248 a)
1634 2190 1836 2235 videmus
1866 2190 1915 2234 in

415 2264 694 2308 orationibus
724 2263 910 2307 L—-HL
944 2262 1207 2307 adhibitam.
1269 2278 1359 2306 non
1401 2261 1539 2306 aliter
1577 2276 1650 2305 res
1691 2276 1737 2305 se
1775 2259 1915 2304 habet

413 2334 460 2377 in
504 2333 783 2377 orationibus
826 2332 1052 2377 IV.-V1.
1128 2332 1287 2390 regina
1328 2331 1533 2390 loquitur
1561 2331 1635 2389 (a),
1681 2329 1759 2374 sed
1800 2343 1915 2388 quae

414 2404 571 2461 Gyges
603 2402 844 2460 respondet
866 2417 1075 2446 recusans
1096 2405 1234 2460 atque
1255 2402 1413 2459 regina
1435 2401 1546 2445 dicit
1568 2416 1668 2444 eum
1693 2399 1914 2454 refutans,
1947 2402 1950 2405 ’
2035 2378 2060 2415 ’λ’

413 2488 502 2516 non
547 2472 689 2527 modo,
737 2472 856 2530 quod
896 2472 965 2515 his
1010 2472 1157 2516 verbis
1188 2472 1254 2515 nil
1287 2472 1399 2516 effici
1444 2474 1610 2530 posset,
1658 2469 1736 2515 sed
1778 2467 1916 2514 etiam

415 2543 532 2600 quod
565 2543 818 2586 olationum
849 2558 1058 2586 numerus
1088 2542 1274 2585 nimium
1305 2544 1563 2598 augeretur,
1595 2542 1651 2584 ab
1686 2525 1914 2584 Herodoto

414 2613 731 2669 negleguntur.
785 2611 944 2655 deinde
966 2612 1123 2668 Gyges
1144 2611 1263 2670 petit
1285 2611 1359 2668 (b),
1391 2611 1550 2667 regina
1571 2609 1651 2653 dat
1681 2607 1917 2652 consilium

416 2683 489 2738 (a).
553 2683 690 2725 etiam
731 2682 804 2725 hic
843 2682 1055 2726 habemus
1095 2683 1284 2725 formam
1316 2695 1344 2725 a
1373 2682 1401 2724 b
1432 2695 1472 2724 a.
1534 2679 1742 2737 dialogus
1783 2693 1916 2738 saepe

413 2751 498 2795 hac
531 2767 578 2794 re
611 2752 706 2795 sola
731 2751 1024 2808 significatur,
1058 2751 1178 2810 quod
1199 2750 1453 2794 orationum
1474 2749 1607 2793 initio
1629 2748 1917 2794 contrahitur

416 2820 476 2874 id,
510 2820 628 2878 quod
659 2822 715 2863 ab
747 2821 892 2865 altero
925 2824 1024 2865 erat
1056 2821 1237 2865 dictum.
1300 2819 1377 2863 sed
1406 2818 1668 2877 plerumque
1699 2819 1807 2873 eius,
1838 2818 1917 2876 qui

417 2893 555 2934 antea
603 2889 732 2943 dixit,
779 2892 917 2934 verba
960 2906 1008 2934 re
1051 2904 1161 2934 vera
1204 2904 1293 2933 non
1335 2888 1650 2946 respiciuntur.
1712 2887 1916 2946 exempla
