2002 3224
975 217 1255 261 „42-

369 336 510 392 Mysis
542 334 758 378 auxilium
805 333 1063 391 petentibus
1106 332 1355 377 collocutus
1398 336 1481 388 est,
1523 333 1661 392 Atys,
1703 332 1780 393 qui
1812 330 1872 379 ad

369 407 487 449 fores
519 404 813 451 auscultavit,
847 419 943 446 cum
988 403 1152 447 Croeso
1184 402 1487 447 collocuturus
1518 403 1666 448 intrat
1695 403 1750 460 (I,
1780 403 1870 462 36).

368 475 442 518 ubi
475 477 581 517 sunt
611 473 731 530 Mysi
763 475 894 531 patre
927 472 1109 530 filioque
1139 471 1530 530 colloquentibus?
1573 475 1868 528 evanuerunt,

367 544 521 587 adesse
552 559 640 588 non
673 543 899 589 videntur,
942 555 1209 599 quamquam
1241 556 1315 585 eos
1346 541 1502 587 adesse
1534 535 1757 604 ex'verbo
1786 542 1868 588 illo

366 614 631 671 ἐπεσέρχεται
674 614 725 669 (c.
759 614 831 667 37)
876 611 1192 669 intellegimus.
1254 626 1352 654 cum
1394 610 1519 669 Atys
1560 604 1774 671 a‘patre,
1816 614 1870 658 ut

367 683 450 727 sibi
483 686 697 726 venatum
728 682 793 725 ire
825 682 996 733 liceret,
1021 680 1299 738 impetravit,
1332 680 1522 725 Croesus
1547 695 1644 726 cum
1666 680 1868 727 Adrasto

367 752 651 810 colloquitur,
685 752 808 807 Atys
850 766 938 793 non
981 750 1068 793 iam
1109 754 1494 803 commemoratur,
1538 749 1870 805 evanuisseffi-

367 822 511 865 detur.
593 820 716 864 aliud
768 820 1018 877 exemplum
1069 820 1233 864 affero:
1286 824 1526 880 postquam
1575 814 1869 868 Artembares

367 892 549 949 eiusque
581 890 699 933 filius
721 906 818 933 cum
840 890 1053 947 Astyage
1085 889 1139 934 de
1163 889 1287 947 Cyro
1306 889 1541 948 conquesti
1567 892 1686 945 sunt,
1719 889 1869 948 Cyrus

365 967 608 1018 pastorque
640 963 928 1003 arcessuntur
949 959 1002 1014 (I,
1029 959 1111 1002 115
1133 959 1237 1017 sq.):
1270 959 1466 1018 quinque
1487 959 1634 1018 igitur
1652 974 1870 1018 personae

365 1030 411 1073 in
443 1044 603 1073 scaena
634 1033 751 1073 sunt.
805 1028 913 1087 quid
944 1028 1028 1072 fit‘?
1058 1029 1293 1087 Astyages
1325 1044 1423 1073 cum
1452 1028 1576 1087 Cyro
1607 1028 1703 1075 solo
1734 1029 1870 1077 collo-

365 1099 533 1158 quitur,
579 1099 717 1143 ceteri
751 1114 899 1143 omnes
930 1114 1019 1142 non
1051 1102 1468 1154 commemorantur,
1515 1098 1788 1158 colloquium
1818 1114 1870 1145 eo

365 1169 494 1213 modo
525 1169 730 1222 habetur,
764 1172 816 1212 ut
847 1169 985 1212 alium
1017 1169 1302 1226 interrogare
1334 1184 1443 1226 opus
1474 1183 1564 1213 non
1595 1168 1669 1214 sit.
1731 1172 1870 1229 atque

365 1242 523 1297 postea
574 1240 809 1296 Astyages
861 1239 1226 1296 interrogaturus
1278 1242 1505 1296 pastorem
1554 1238 1872 1285 Artembarem

368 1309 549 1366 eiusque
581 1308 722 1351 filium
754 1310 801 1351 et
823 1308 989 1364 Cyrum
1023 1307 1230 1351 dimittit.
1280 1307 1441 1352 deinde
1466 1310 1703 1367 postquam
1723 1308 1870 1367 Asty·

367 1392 473 1435 ages
505 1392 532 1421 a
563 1385 744 1436 pastore
767 1376 936 1434 Cyrum
968 1377 1220 1435 expositum
1250 1393 1340 1421 non
1371 1393 1465 1422 esse
1490 1377 1721 1437 comperit,
1752 1377 1870 1423 Har-

366 1463 508 1506 pagus
540 1450 726 1491 vocatus
759 1447 1082 1505 interrogatur.
1142 1447 1218 1491 ubi
1250 1450 1319 1491 est
1349 1447 1537 1505 pastor?
1568 1462 1623 1492 ex
1654 1447 1749 1492 solo
1779 1448 1870 1493 col-

368 1518 519 1575 loquio
542 1517 768 1574 Astyagis
800 1533 897 1561 cum
918 1517 1134 1575 Harpago
1156 1516 1312 1561 habito
1335 1533 1434 1561 eum
1457 1517 1614 1561 statim
1635 1517 1870 1563 evanuisse

371 1575 636 1631 concludere
665 1587 837 1641 liceret,
869 1587 957 1630 nisi
977 1586 1235 1631 Herodotus
1267 1602 1366 1631 eum
1396 1586 1552 1631 adesse
1582 1587 1679 1646 ipse
1699 1587 1871 1633 diceret

370 1657 409 1714 (ὁ
443 1659 487 1700 δε
519 1657 732 1713 ’Ἅρπαγος
764 1657 820 1706 ὡς
865 1657 946 1700 εἶδε
991 1660 1057 1700 τὸν
1101 1659 1298 1712 βουκόλον
1345 1658 1457 1700 ἔνδον
1502 1658 1617 1700 ἐόντα
1662 1673 1699 1702 c.
1750 1657 1870 1713 117):

370 1727 546 1786 quando
578 1727 757 1780 abierit,
790 1743 878 1770 non
911 1727 1164 1784 accipimus.
1228 1727 1339 1771 satis
1372 1728 1434 1770 sit
1465 1727 1781 1786 exemplorum,
1813 1743 1869 1772 ex

369 1798 528 1855 quibus
545 1797 654 1840 haec
674 1796 1000 1854 intellegimus:
1021 1796 1307 1841 Herodoteae
1337 1797 1553 1841 narrandi
1573 1798 1765 1842 rationis
1795 1797 1870 1842 lex

369 1870 439 1911 est
469 1867 600 1911 haec:
643 1881 909 1924 quamquam
944 1867 1191 1924 complures
1222 1882 1438 1925 personae
1470 1881 1602 1926 saepe
1631 1867 1680 1911 in
1710 1882 1871 1912 scaena
1925 1898 1932 1902 -
1959 1892 1962 1896 ·

370 1941 487 1990 sunt,
520 1939 671 1980 tamen
711 1952 884 1994 semper
926 1936 1039 1980 duae
1082 1937 1203 1980 solae
1235 1937 1554 1995 colloquuntur
1595 1937 1670 1982 vel
1711 1939 1869 1996 agunt,

368 2011 544 2051 ceterae
575 2007 891 2064 negleguntur.
955 2006 1032 2050 sed
1063 2006 1149 2050 hae
1192 2007 1306 2051 duae
1335 2022 1552 2064 personae
1597 2006 1872 2052 inducuntur

370 2076 580 2134 quamdiu
612 2079 776 2133 agunt;
826 2076 901 2119 ubi
932 2080 1145 2134 egerunt,
1188 2076 1410 2120 Herodoti
1440 2092 1530 2120 non
1559 2077 1649 2121 iam
1678 2077 1872 2122 interest

372 2161 445 2190 eos
477 2160 645 2199 curare,
679 2149 964 2199 evanescunt,
1007 2146 1113 2204 quia
1144 2145 1202 2189 ad
1231 2146 1433 2189 fabulam
1473 2161 1563 2190 non
1604 2146 1695 2191 iam
1721 2161 1871 2192 neces-

370 2215 514 2259 sariae
546 2218 663 2258 sunt.
725 2229 941 2272 personae
980 2216 1108 2273 quasi
1150 2231 1173 2259 e
1215 2216 1413 2259 tenebris
1455 2215 1718 2274 procedunt,
1761 2230 1871 2275 pau·
1907 2269 1910 2271 Α

365 2285 505 2342 lisper
535 2287 722 2342 agentes
753 2284 919 2328 lumine
950 2285 1253 2340 illustrantur,
1287 2285 1447 2330 deinde
1478 2286 1525 2328 in
1554 2287 1766 2330 tenebras
1796 2300 1870 2330 re-

368 2354 544 2398 cedunt.
607 2358 702 2397 tum
734 2354 874 2398 solum
907 2369 981 2398 eas
1013 2355 1136 2399 abire
1167 2359 1394 2410 narratur,
1427 2370 1526 2399 cum
1569 2354 1627 2399 ad
1669 2354 1871 2400 fabulam

367 2424 718 2481 intellegendam
748 2425 1046 2468 necessarium
1078 2427 1169 2468 est:
1203 2428 1255 2469 ut
1276 2425 1512 2483 Astyages
1544 2428 1592 2470 et
1621 2428 1755 2483 pater
1785 2425 1871 2470 soli

367 2494 702 2552 colloquantur,
751 2495 909 2554 ceteri·
936 2494 1244 2538 dimittuntur.
1323 2495 1399 2539 sed
1450 2494 1622 2539 duabus
1666 2495 1869 2554 personis

368 2563 473 2606 solis
505 2564 742 2620 agentibus
774 2565 851 2622 qui
882 2565 948 2619 fit,
981 2568 1033 2608 ut
1064 2568 1215 2609 tamen
1235 2565 1387 2623 plures
1409 2565 1594 2609 fabulae
1621 2564 1869 2623 participes

369 2633 492 2675 sint?
552 2649 639 2676 non
672 2649 820 2677 omnes
853 2634 997 2685 simul,
1030 2634 1107 2678 sed
1137 2635 1254 2678 aliae
1286 2638 1389 2691 post
1419 2634 1533 2678 alias
1564 2637 1723 2692 agunt.
1778 2649 1870 2679 non

369 2701 568 2754 Croesus,
603 2703 735 2759 Mysi,
767 2704 905 2760 Atys,
939 2703 1164 2747 Adrastus
1208 2718 1295 2747 una
1335 2703 1548 2748 collocuti
1590 2706 1748 2761 agunt,
1791 2703 1870 2749 sed

368 2771 559 2828 primum
604 2772 792 2815 Croesus
837 2788 934 2816 cum
979 2773 1134 2830 Mysis,
1184 2772 1343 2817 deinde
1374 2773 1498 2830 Atys
1541 2772 1728 2828 accedit,
1770 2775 1871 2820 tum

369 2840 607 2884 Adrastus.
660 2842 811 2885 eodem
844 2842 972 2886 modo
1003 2843 1193 2900 primum
1212 2843 1505 2887 Artembares
1537 2843 1719 2901 eiusque
1749 2842 1869 2888 filius
