1962 3178
739 212 1031 256 -50-

361 325 375 339 ⁸
452 346 506 365 ι·-
558 338 685 371 nes
714 324 1009 384 gravissimae
1055 326 1291 382 habentur,
1339 341 1450 385 quas
1496 326 1639 372 Hero-

197 444 210 454 ,‚
435 395 653 441 narrandi
697 395 874 441 ratione
917 411 1022 441 usus
1068 396 1217 441 affert.
1279 396 1465 441 consilio
1507 396 1638 440 finito

175 455 248 517 ἷ’,”’“ς“
267 457 342 513 fit
366 466 573 511 futurum
604 468 926 524 exspectamus.
988 465 1066 510 sed
1097 465 1353 511 Herodotus
1399 465 1457 510 ad
1502 466 1639 510 aliam

167 536 388 597 (Ῑαοῦ
419 535 574 580 eodem
594 537 795 594 tempore
817 535 942 593 facta
964 539 1047 590 est,
1080 535 1283 580 deflectit
1314 535 1423 593 (ἐν
1396 554 1428 592 ῳ
1451 537 1495 579 δὲ
1527 534 1639 580 οὗτοι

102 596 188 639 ¹³⁴³·
227 632 245 642 υ
262 603 557 663 ὖβουλεὺοντο,
574 604 725 660 ἐγίνετο
746 608 852 648 κατὰ
873 609 1087 664 συντυχίην
1117 606 1213 648 τάδε
1234 605 1320 660 ΙΙΙ,
1353 605 1447 661 74);
1481 607 1640 650 narrat
1678 635 1686 638 -

106 651 356 736 Afflo
386 675 636 733 Prexaspes
667 674 790 732 Cyro
821 675 1011 719 maxime
1032 674 1212 719 deditus
1244 674 1298 719 de
1328 690 1434 719 vero
1456 674 1639 720 Smerde
1676 674 1696 682 “

84 737 299 792 ime-to
326 744 449 804 apud
477 745 693 804 populum
723 744 901 789 locutus
934 759 980 789 se
1011 744 1306 789 interfecerit.
1369 747 1467 788 tum
1496 744 1639 789 Hero-

91 813 274 867 &tun
295 813 442 869 redit,
483 814 601 858 unde
631 814 882 859 aberravit:
925 814 1110 858 consilio
1155 814 1282 858 finito
1315 817 1487 872 septem
1517 814 1640 872 prin-

5 884 256 953 ,xxi'issw
296 885 472 944 precati
512 884 826 942 impugnatum
867 899 1020 963 magos
1062 884 1257 942 profecti
1300 887 1427 938 sunt,
1474 885 1522 927 in
1562 883 1640 928 via

0 970 24 1018 ᾗ
95 951 407 1014 j'imeaupem
426 956 616 998 mortem
647 953 732 997 sibi
753 954 1019 998 conscivisse
1041 957 1367 1011 compererunt,
1401 955 1447 997 in
1469 954 1641 1011 regiam

10 1028 21 1037 ⁹
81 1020 410 1089 dampnant.
489 1022 572 1067 hoc
621 1023 719 1067 loco
764 1022 879 1066 duae
922 1038 992 1066 res
1039 1023 1191 1067 eodem
1246 1026 1446 1081 tempore
1489 1024 1640 1068 factae

0 1067 114 1160 bin-{⁸
132 1083 335 1140 audem
363 1093 577 1137 momenti
617 1094 802 1137 exstant
836 1091 1101 1136 narrandae.
1164 1092 1420 1136 Herodotus
1452 1093 1641 1150 primam

67 1158 155 1203 ’ω’
132 1163 327 1213 ms
355 1178 495 1221 usque
525 1161 584 1206 ad
614 1161 662 1205 id
690 1162 906 1220 temporis
928 1164 1200 1206 momentum
1221 1161 1358 1213 ducit,
1391 1178 1478 1220 quo
1500 1176 1641 1220 pausa

136 1230 357 1293 quaedam
385 1234 496 1291 apta
538 1230 742 1285 videtur,
789 1230 949 1276 deinde
995 1231 1143 1275 altera
1189 1247 1259 1275 res
1303 1246 1443 1288 usque
1488 1231 1546 1275 ad
1593 1231 1642 1274 id

126 1301 284 1363 “Ipsum
311 1301 528 1361 temporis
557 1299 830 1345 mementum
859 1300 1052 1355 ducitur,
1097 1303 1195 1344 tum
1226 1302 1491 1345 coniunctae
1521 1304 1641 1345 trac-

27 1426 35 1432 ,
135 1373 312 1420 tantur.
370 1374 563 1429 utraque
594 1371 738 1428 igitur
778 1386 870 1424 res,
915 1371 1021 1429 quia
1065 1371 1261 1415 eiusdem
1302 1372 1516 1415 momenti
1557 1374 1638 1426 est,

0 1432 57 1492 ’.ᾖ
134 1442 240 1497 tota
267 1444 505 1494 narratur,
548 1440 664 1484 nihil
705 1440 946 1484 omittitur.
1009 1441 1163 1485 eadem
1206 1441 1383 1485 ratione
1414 1442 1563 1485 utitur
1593 1441 1642 1484 in

0 1470 51 1559 ’.ὲ
126 1508 307 1557 fabella
333 1509 416 1555 illa
446 1510 501 1555 de
533 1510 719 1554 Masiste
749 1514 937 1555 narrata
968 1511 1067 1567 (IX,
1106 1512 1187 1554 110
1220 1511 1312 1568 sq.).
1375 1512 1452 1554 ubi
1484 1511 1642 1569 regina

0 1574 39 1622 (ἑ
87 1603 89 1605 ·
133 1593 234 1633 eum
261 1579 415 1625 Xerxe
445 1579 681 1634 collocuta,
713 1583 766 1624 ut
797 1580 997 1624 Masistis
1029 1596 1142 1624 uxor
1174 1580 1289 1624 dono
1323 1582 1407 1624 sibi
1439 1580 1637 1636 daretur,

133 1649 412 1710 impetravit,
444 1650 617 1694 Xerxes
661 1666 760 1694 cum
802 1651 988 1694 Masiste
1035 1651 1131 1708 ipso
1164 1650 1411 1694 collocutus
1456 1666 1501 1695 se
1545 1651 1639 1695 eius

134 1732 317 1765 uxorem
346 1722 584 1779 rapturum
622 1735 717 1764 esse
748 1720 959 1764 minatur.
1022 1720 1176 1764 eodem
1206 1724 1429 1778 tempore,
1474 1736 1561 1778 quo
1592 1720 1639 1763 hi

137 1787 457 1849 colloquuntur
487 1789 546 1846 (ἐν
578 1791 622 1833 δὲ
653 1793 779 1847 τοὺτῳ
809 1799 863 1847 τῷ
896 1791 962 1833 διὰ
993 1795 1119 1848 μέσου
1151 1795 1300 1848 χρόνῳ,
1335 1790 1375 1834 ὲν
1407 1799 1460 1847 τῷ
1483 1790 1641 1848 Ξέρξης

133 1866 192 1916 τῷ
221 1858 410 1919 ἀδελφεῷ
433 1860 637 1914 διελέγετο
658 1860 741 1912 ΙΧ,
772 1860 886 1916 112),
919 1860 1142 1903 Amestris
1175 1861 1405 1904 mulierem
1437 1860 1641 1903 mutilari

134 1927 280 1972 iussit.
326 1927 487 1972 deinde
518 1929 738 1982 Masistes,
771 1944 901 1987 quem
922 1929 1145 1986 colloquio
1178 1944 1276 1972 cum
1299 1930 1449 1973 Xerxe
1482 1929 1639 1973 habito

134 1996 386 2056 profectum
426 1997 643 2053 vidimus,
687 1998 863 2042 domum
909 2014 1115 2043 reversus
1161 1999 1418 2042 mutilatam
1463 1999 1640 2043 invenit

134 2081 330 2111 uxorem.

249 2135 375 2181 Duas
405 2137 549 2195 igitur
579 2136 793 2181 narrandi
834 2138 1032 2182 rationes
1073 2139 1390 2195 cognoscimus.
1455 2139 1491 2182 si
1534 2153 1638 2196 pars

134 2204 353 2265 quaedam
394 2207 564 2265 primae
604 2207 785 2251 fabulae
831 2210 1012 2251 tantum
1059 2207 1249 2251 alicuius
1295 2209 1508 2252 momenti
1555 2210 1637 2262 est,

133 2273 245 2320 haec
274 2290 378 2335 pars
419 2276 515 2321 sola
557 2279 782 2330 narratur,
826 2280 978 2321 cetera
1023 2277 1340 2334 negleguntur,
1386 2278 1543 2321 statim
1574 2293 1638 2321 se-

133 2345 292 2405 quitur
320 2346 513 2392 secunda
544 2347 712 2391 fabula.
766 2347 802 2390 si
834 2351 1027 2405 utraque
1059 2362 1162 2404 pars
1196 2347 1392 2391 eiusdem
1425 2348 1639 2391 momenti

136 2414 196 2460 οᾶ
223 2415 425 2461 fabulam
455 2417 596 2476 ipsam
619 2416 967 2460 continuandam
992 2417 1064 2461 vel
1086 2417 1144 2460 ad
1165 2417 1446 2461 audientium
1467 2418 1639 2461 animos

135 2483 423 2531 delectandos
454 2491 535 2540 est,
569 2491 760 2545 utraque
782 2491 883 2531 tota
905 2488 1110 2540 affertur,
1138 2487 1285 2531 altera
1317 2491 1419 2545 post
1447 2487 1639 2531 alteram

127 2554 210 2601 'vel
239 2570 379 2614 usque
407 2555 466 2601 ad
497 2571 681 2615 pausam
713 2556 783 2601 vel
815 2572 953 2615 usque
975 2556 1031 2600 ad
1063 2557 1193 2600 finem
1222 2560 1446 2600 narratur.
1494 2557 1639 2603 simile

40 2687 43 2691 ,
134 2623 184 2668 in
212 2624 396 2670 Homeri
435 2626 650 2671 narrandi
690 2630 789 2670 arte
837 2627 924 2670 viri
968 2626 1089 2670 docti
1138 2628 1516 2681 observaverunt,
1561 2627 1638 2685 qui

134 2698 344 2739 accurate
374 2694 429 2740 de
460 2694 543 2741 hac
574 2712 621 2740 re
653 2696 1002 2754 disputaverunt
1017 2697 1062 2751 ¹)

138 2789 279 2797 —-—

0 2809 35 2888 ξ’
257 2839 290 2881 1)
317 2835 363 2871 cf.
390 2836 531 2884 Hnttig,
550 2838 624 2874 Zur
642 2838 936 2874 Charakteristik
956 2837 1204 2874 homerischer
1223 2837 1638 2883 Komposition,P1-ogr‚

0 2895 13 2947 ζ
27 2902 50 2926 '2
206 2906 385 2937 '’ohlau-nn.
