1962 3178
983 232 1270 275 -70-

497 348 668 403 Quibus
690 348 903 391 tractatis
936 362 1024 391 non
1046 347 1318 402 mirabimur,
1349 346 1470 407 quod
1498 347 1639 395 etiam
1666 344 1885 399 mimula

382 434 471 462 non
502 417 631 462 modo
674 433 764 461 non
801 416 975 464 desunt
1021 416 1098 460 sed
1141 417 1291 475 magni
1323 418 1535 463 momenti
1578 418 1686 464 sunt
1723 417 1795 465 in·
1797 412 1884 465 41»-

383 488 513 533 bcllis
547 486 827 531 Herodoteis.
885 486 1062 544 antiqui
1093 485 1292 531 homines
1322 486 1460 532 facile
1502 486 1564 532 ad
1590 486 1777 538 dmum
1786 495 1883 549 'po-

381 561 597 602 testatem
627 557 844 602 referunt.
876 571 990 615 quae
1023 556 1148 600 nobis
1172 555 1365 600 fortuito
1386 556 1513 602 faeta
1533 548 1750 606 videntur
1767 566 1882 605 ΜΘ.

381 627 649 684 Polycrates
692 626 873 670 anulum
918 626 963 668 in
1007 639 1128 669 mare
1170 625 1332 679 abicit,
1376 626 1511 685 piscis
1550 625 1747 686 quidm
1759 626 1884 675 forte

381 697 561 741 anulum
609 696 818 749 devorat,
863 695 1062 753 piscator
1107 695 1288 754 quidam
1330 695 1448 741 hunc
1491 695 1657 756 piscem
1691 687 1885 757 mptum

382 768 501 810 forto
533 765 771 822 Polycrati
803 730 917 809 dono
949 764 1029 808 dat
1067 765 1172 820 (111,
1204 766 1262 809 40
1293 767 1401 824 sq.:)
1433 765 1699 812 Herodotus
1721 765 1782 813 ad
1808 765 1886 814 ἆο-

383 851 506 879 orum
539 834 752 878 invidiam
795 834 902 878 haec
944 835 1091 879 omnia
1135 835 1289 879 refert.
1352 835 1500 880 Arion
1540 834 1755 896 delphino
1792 851 1885 883 ser-

381 909 538 959 vatur:
572 905 689 949 unde
720 904 956 964 delphinus
989 921 1040 949 eo
1072 905 1286 963 temporis
1318 908 1540 951 momento
1571 906 1764 962 venerit,
1794 905 1885 952 He·

383 975 569 1020 rodotus
600 989 687 1018 non
720 975 974 1033 interrogat
1007 978 1144 1033 atque
1175 974 1411 1019 audientes
1453 990 1544 1020 non
1573 975 1884 1035 interrogant:

382 1045 523 1098 adest,
558 1045 819 1088 miraculum
859 1045 924 1098 fit,
970 1045 1210 1089 evanescit.
1285 1045 1360 1089 sed
1393 1044 1653 1090 Herodotus
1692 1045 1885 1091 interro-

381 1115 595 1172 gantibus
627 1115 764 1158 etiam
796 1114 995 1159 hocloco
1020 1114 1279 1171 delphinum
1310 1128 1337 1158 a
1368 1113 1451 1158 deo
1482 1113 1674 1173 quodam
1704 1114 1887 1160 missum

383 1199 477 1228 esse
508 1184 811 1242 responderet.
874 1188 1011 1242 atque
1060 1184 1386 1237 dubitantibus,
1431 1183 1651 1242 quomodo
1679 1183 1780 1231 fieti
1808 1200 1887 1246 po-

382 1254 559 1307 tuisset,
593 1257 643 1296 ut
666 1253 810 1296 Arion
842 1253 924 1297 hoc
955 1253 1170 1297 miraculo
1203 1256 1475 1307 servaretur,
1508 1252 1887 1300 Herodotnstee-

384 1323 627 1382 ponderet:
677 1339 823 1367 nonne
854 1323 980 1367 vides
1012 1323 1197 1367 Arionis
1229 1327 1428 1367 statuam
1459 1323 1655 1369 Taenari
1694 1323 1744 1369 in
1783 1337 1887 1384 pro-

382 1395 610 1437 munturio
657 1394 954 1438 collocatam?
1015 1409 1161 1437 nonne
1220 1393 1469 1437 Corinthiis
1523 1396 1662 1453 atque
1710 1393 1887 1439 Lesbiis

383 1464 765 1508 consentientibus
796 1463 878 1507 hoc
909 1464 1172 1507 miraculum
1206 1464 1378 1508 factum
1421 1478 1516 1508 esse
1546 1462 1889 1508 demonstratur

384 1534 436 1590 (Ι,
469 1534 573 1589 24)·.>
634 1534 680 1577 in
721 1534 875 1577 multis
921 1534 1102 1578 fabellis
1145 1535 1200 1578 ab
1243 1533 1475 1579 Herodoto
1514 1533 1712 1578 narratis
1753 1533 1887 1580 mira-

381 1603 481 1647 cula
513 1607 708 1657 exstant,
742 1603 894 1661 qualia
925 1604 972 1646 in
1012 1604 1178 1647 fabulis
1222 1604 1381 1647 referri
1426 1603 1599 1647 solent:
1641 1603 1771 1661 panis
1811 1605 1886 1647 tu-

309 1733 313 1735 ·
380 1674 549 1726 mescit‚
582 1673 745 1717 fluvius
776 1678 1094 1731 persequentes
1137 1678 1190 1717 ut
1221 1673 1451 1731 impediat,
1495 1675 1691 1731 augetur
1732 1670 1884 1727 (VIII,

383 1744 502 1798 137);
537 1743 657 1800 regis
702 1743 817 1786 oculi
859 1743 1057 1786 mulieris
1105 1744 1235 1787 urina
1276 1746 1494 1787 sanantur
1532 1743 1612 1799 (Π,
1655 1743 1777 1799 111);
1818 1742 1884 1787 in-

381 1816 632 1856 strumenta
655 1827 792 1856 aurea
823 1812 876 1856 de
898 1813 1022 1856 caelo
1044 1812 1228 1871 delapsa
1251 1816 1481 1866 (aratrum,
1505 1813 1672 1871 iugum,
1704 1812 1883 1867 securis,

381 1883 558 1940 patera)
590 1881 752 1926 ardent
783 1882 879 1938 (IV,
913 1883 977 1938 5);
1022 1882 1211 1926 Croesus
1254 1883 1498 1926 moriturus
1537 1881 1752 1928 miraculo
1796 1897 1906 1929 ser·.

383 1955 519 1995 vatur
550 1952 602 2005 (I,
635 1952 692 1994 85
733 1952 788 1995 cf.
820 1951 993 1996 Grimm
1035 1954 1062 1995 3
1107 1951 1483 2009 „Marienkind“);
1528 1952 1702 1997 Dareus
1736 1960 1885 2011 'equae

383 2020 576 2073 hinnitu,
609 2021 819 2075 fulmine,
862 2022 1037 2065 tonitru
1078 2037 1158 2065 rex
1201 2021 1462 2065 declaratur
1503 2021 1609 2079 (111,
1641 2021 1715 2078 86)
1756 2020 1885 2067 velut

384 2090 560 2133 omnino
584 2090 742 2144 omina,
776 2091 1004 2144 miracula,
1028 2091 1209 2135 oracula
1231 2091 1382 2148 magni
1404 2094 1510 2134 sunt
1531 2090 1742 2135 momenti
1764 2089 1886 2149 apud

382 2158 684 2214 Herodotum;
719 2175 772 2203 ex
804 2159 994 2204 deformi
1025 2160 1210 2204 muliere
1243 2160 1295 2204 fit
1327 2160 1626 2219 pulcherrima
1656 2159 1754 2216 (Vl,
1786 2161 1881 2217 61„

381 2229 527 2273 olivae
559 2229 710 2273 adusti
741 2230 853 2274 rami
885 2230 1030 2275 altero
1066 2231 1291 2275 virescunt
1322 2230 1394 2275 die
1425 2230 1574 2286 (VI-11,
1607 2232 1706 2287 55);
1739 2230 1882 2289 pisces

385 2298 503 2352 salsi,
536 2314 802 2358 quamquam
834 2304 1057 2351 assantur,
1090 2300 1321 2359 palpitant
1353 2301 1450 2355 (IX,
1486 2301 1598 2358 120).

496 2368 742 2426 Populares
773 2370 954 2414 fabulae
985 2370 1153 2415 talibus
1185 2371 1412 2415 miraculis
1450 2386 1540 2414 non
1582 2374 1770 2428 possunt
1811 2385 1882 2416 ca·

384 2439 537 2485 τεῖρ’).

504 2572 537 2613 l)
565 2570 612 2605 cf.
642 2570 876 2606 Wellhausen
903 2570 948 2606 de
975 2572 1159 2608 miraculis
1196 2572 1233 2607 in
1260 2571 1360 2607 Novo
1387 2571 1417 2606 T
1421 2576 1621 2607 estamento
1660 2571 1821 2622 narratis
1846 2583 1884 2618 p.

385 2631 468 2663 156:
496 2629 572 2671 „Es
599 2629 687 2675 liegt
709 2629 840 2673 jedoch
869 2631 936 2666 viel
962 2632 1087 2675 nabet,
1115 2631 1173 2666 die
1200 2631 1372 2667 Vorliebe
1403 2630 1465 2666 sur
1491 2631 1549 2666 die
1576 2632 1658 2667 echt
1686 2631 1883 2668 volkstumz

381 2687 498 2722 lichen
527 2688 854 2724 Wunderberichte
881 2691 993 2726 sehon
1029 2690 1098 2726 auf
1119 2690 1319 2735 Rechnuug
1357 2690 1421 2726 der
1447 2690 1638 2726 Tradition
1675 2702 1720 2726 zu
1757 2695 1884 2739 sewen

418 2774 425 2781 .
454 2774 460 2781 .
490 2747 803 2783 Wahrscheinlich
833 2749 949 2784 haben
975 2750 1068 2785 auch
1095 2750 1194 2786 seine
1222 2749 1387 2785 Wunder
1417 2750 1528 2785 sehon
1556 2750 1613 2785 bei
1639 2751 1764 2787 seinen
1787 2749 1883 2788 Leb-
1927 2795 1930 2797 ,
1958 2763 1962 2766 ·

380 2806 497 2841 zeiten
525 2806 592 2841 auf
616 2806 681 2842 das
709 2807 922 2852 gahlaische
948 2808 1141 2844 Publikum
1167 2809 1272 2844 einen
1298 2810 1476 2854 grosseren
1504 2809 1574 2843 und
1601 2809 1906 2855 allgemeinerow

382 2864 569 2900 Eindruck
597 2867 767 2911 gemacht
793 2868 847 2903 als
874 2868 974 2903 scine
999 2868 1162 2903 Worte“.
