2060 3250
1821 0 2060 295 Μ

347 322 533 367 armatis
567 322 792 379 ingressus
825 336 975 379 regem
1007 321 1237 366 interficit.
1304 321 1463 367 sedata
1493 321 1715 368 seditione
1743 292 1874 367 Del?
1891 323 1922 371 .’
1966 356 1978 377 -μ
2012 299 2060 365 ζ

349 391 476 451 phico
509 391 689 436 oraculo
721 392 1035 449 comprobatus
1066 406 1147 436 rex
1178 392 1381 450 reginam
1410 390 1537 437 ducit
1567 406 1764 438 uxorem.
1872 387 1878 402 ³
1978 426 1980 429 ·
2016 387 2060 444 Ε

463 460 678 506 Nicolaus
723 464 883 505 narrat
931 461 1069 505 etiarn
1116 460 1172 505 de
1215 460 1368 519 Gygis
1414 462 1678 520 parentibus
1717 463 1858 521 atque
1974 451 1981 477 Ἀ

347 531 557 590 pueritia.
619 535 861 589 antequam
901 530 1060 589 Gyges
1090 533 1226 575 natus
1257 534 1340 584 est,
1371 531 1635 589 parentibus
1664 529 1856 577 insidiae

345 606 577 660 parantur.
640 601 881 658 Dascylus,
915 600 1075 658 ‚Gygis
1116 615 1334 659 proavus,
1376 614 1404 644 a
1435 615 1542 658 rege
1581 599 1736 660 invido
1775 615 1855 647 ne-
1915 598 1918 600 ’

348 676 499 726 catur3
535 671 629 715 eius
661 686 774 714 uxor
804 671 962 728 fugere
994 673 1150 714 coacta
1182 670 1305 727 parit
1336 669 1490 724 filium,
1530 670 1621 728 qui,
1651 673 1723 715 ut..
1735 670 1857 716 vitet

348 742 468 799 regis
500 740 662 795 odium,
707 741 754 783 in
796 732 1049 797 Phrygiam
1091 739 1267 797 effugit.
1330 739 1376 783 in
1421 739 1557 783 exilio
1589 738 1748 798 Gyges
1776 753 1857 785 m·

349 812 502 856 scitur.
552 811 598 854 in
644 824 807 867 magna
853 809 1053 867 pericula
1098 809 1325 864 mittitur,
1378 824 1458 854 rex
1501 824 1600 854 eum
1644 807 1859 855 interfec-

354 884 483 924 turus
515 883 597 924 est.

472 950 696 994 Habemus
741 949 1094 1003 adulescentem,
1140 948 1287 1007 qualis
1328 963 1354 993 a
1386 948 1521 1006 volgo
1567 948 1679 1007 fingi
1725 948 1855 995 solet.

351 1019 607 1078 saepissime
639 1020 756 1064 enim
788 1020 835 1063 in
865 1019 1046 1064 fabellis
1089 1034 1251 1077 puero,
1300 1019 1377 1077 qui
1422 1034 1502 1063 rex
1543 1020 1727 1064 futurus
1773 1020 1856 1077 est,

351 1089 541 1134 insidiae
573 1093 806 1147 parantur.
855 1105 910 1133 ex
940 1089 1176 1148 permultis
1209 1089 1423 1147 exemplis
1454 1087 1671 1133 nonnulla
1701 1089 1855 1134 affero.

349 1160 524 1218 Cyrus,
572 1175 703 1218 quem
734 1174 868 1214 avus,
917 1163 969 1203 ut
1001 1158 1271 1214 interficiat,
1316 1158 1627 1217 persequitur,
1670 1157 1858 1204 insidias

350 1230 515 1288 effugit
561 1232 608 1274 et
641 1232 850 1274 servatur
891 1228 1074 1285 (Herod.
1107 1229 1144 1283 Ι,
1181 1229 1263 1272 107
1295 1229 1391 1286 sq.).
1450 1242 1583 1286 quam
1623 1227 1861 1286 volgatum

353 1300 412 1344 sit
452 1300 534 1344 hoc
566 1303 893 1357 argumentum,
941 1298 1185 1343 ostendunt
1231 1298 1320 1341 viri
1365 1297 1490 1342 docti
1535 1296 1703 1342 fabulis
1743 1296 1861 1342 mul-

356 1373 506 1414 tarum
537 1370 773 1413 nationum
804 1369 1006 1413 collectis
1024 1369 1068 1425 ¹).
1131 1369 1341 1413 similiter
1386 1367 1610 1426 Cypselus
1653 1368 1863 1413 servatur

356 1456 409 1484 ex
453 1439 665 1497 periculis
706 1453 734 1482 a
764 1438 1030 1483 Bacchiadis
1072 1438 1299 1493 conflatis,
1345 1437 1504 1496 quibus
1547 1436 1744 1495 expulsis
1776 1429 1860 1482 Coss·

350 1510 493 1553 rinthi
539 1509 592 1552 fit
623 1512 849 1567 tyrannus
881 1508 1005 1566 (Her.
1037 1507 1093 1563 V,
1126 1508 1212 1565 92).
1275 1508 1434 1566 quibus
1483 1506 1697 1565 exemplis
1740 1506 1862 1551 inter

354 1595 398 1624 se
430 1579 702 1638 comparatis
719 1579 750 1634 ²)
781 1594 870 1622 non
902 1593 972 1623 res
1003 1579 1171 1633 factas,
1219 1577 1296 1622 sed
1338 1576 1553 1621 fabellam
1595 1591 1623 1621 a
1663 1575 1853 1621 Nicolao

349 1649 523 1693 narrari
547 1649 790 1694 verisimile
811 1648 921 1691 mihi
942 1648 1008 1703 fit,
1041 1647 1100 1703 id,
1133 1647 1252 1706 quod
1282 1647 1419 1692 etiam
1450 1646 1552 1690 aliis
1575 1645 1854 1704 argumentis

353 1718 661 1763 demonstrare
692 1720 898 1762 conabor.

468 1789 586 1832 Nam
617 1803 749 1846 quam
782 1790 836 1832 ob
867 1803 960 1832 rem
993 1789 1145 1845 Gyges
1177 1790 1309 1831 necat
1340 1787 1522 1844 regem?

468 1858 683 1902 Nicolaus
736 1858 810 1903 vel
853 1857 1064 1901 Xanthus
1122 1858 1197 1902 vel
1239 1856 1364 1915 Lydi
1403 1856 1512 1901 haec
1557 1854 1854 1914 respondent:

354 1944 432 1972 rex
464 1943 510 1972 se
532 1928 879 1972 interfecturum
910 1943 1005 1971 esse
1036 1926 1369 1971 adulescentem
1389 1926 1588 1969 minatus
1620 1926 1703 1970 est.
1746 1923 1858 1969 haec

355 1997 500 2055 igitur
530 1997 686 2041 fabula
707 1997 827 2055 regis
858 2012 1010 2041 necem
1035 1997 1342 2055 interpretans
1364 2010 1544 2040 causam
1575 2010 1670 2039 esse
1698 1995 1859 2039 narrat

351 2068 473 2125 regis
506 2067 614 2110 irati
646 2067 845 2110 studium
876 2066 1132 2110 ulciscendi.
1194 2066 1314 2124 quod
1354 2081 1511 2110 verum
1553 2080 1649 2110 esse
1690 2065 1856 2123 potest,

352 2151 621 2195 quamquam
665 2137 825 2179 mirum
868 2136 1051 2180 videtur
1082 2135 1264 2193 Gygem
1296 2135 1424 2179 modo
1468 2135 1588 2192 regis
1631 2134 1859 2179 inimicum

355 2222 449 2251 esse
481 2206 610 2250 modo
642 2206 844 2250 amicum.
897 2205 1034 2249 etiam
1072 2203 1520 2249 animadvertendum
1551 2206 1634 2259 est,
1666 2205 1858 2262 quanto-

354 2292 460 2335 pere
492 2276 684 2320 iniuriae
714 2275 944 2333 gradatim
964 2275 1329 2334 progrediantur.
1382 2275 1426 2331 a)
1452 2274 1612 2331 Gyges
1640 2274 1691 2317 in
1721 2272 1856 2317 exilio

354 2346 487 2390 facile
520 2361 670 2403 regem
703 2346 902 2403 effugere
933 2348 1107 2403 potest:
1140 2345 1238 2389 vita
1270 2344 1364 2389 eius
1395 2359 1485 2388 non
1514 2343 1714 2402 petitur;
1753 2342 1800 2399 b)
1830 2357 1858 2387 a

2008 574 2014 578 ’
2054 575 2060 610 i

2029 2233 2060 2398 'fin-Ru]
2039 2198 2050 2204 ¹
2034 2118 2060 2151 ,”
2057 2064 2060 2088 .,

475 2488 511 2533 1)
537 2486 606 2522 Ad.
626 2487 759 2532 Bauer,
779 2487 847 2523 Die
872 2487 1082 2533 Kyrossage
1100 2497 1136 2523 u.
1155 2484 1406 2530 Verwaudtes,
1432 2485 1516 2521 Ber.
1543 2483 1577 2520 d.
1605 2484 1723 2521 Wien.
1741 2482 1860 2520 Akad.

351 2547 444 2582 Phil.
460 2547 618 2582 hist.Kl.
636 2547 681 2591 C;
709 2547 899 2591 Schubert,
926 2546 1111 2598 Herodots
1125 2545 1365 2591 Darstellung
1380 2543 1446 2581 der
1459 2544 1681 2591 Kyros-uage,
1708 2542 1862 2580 Breslau

358 2607 460 2642 1890.

438 2690 441 2692 -
478 2667 516 2710 2)
543 2665 678 2702 addere
705 2676 853 2711 possum
881 2666 991 2702 etiam
1030 2666 1068 2701 in
1094 2665 1239 2702 fabellis
1265 2663 1492 2700 Germanicis
1519 2673 1630 2710 saepe
1664 2673 1762 2707 eum,
1798 2662 1862 2709 qui
1935 2666 1964 2713 Ι·
1993 2679 2016 2717 f

360 2725 604 2760 contemnitur
630 2725 686 2761 vel
713 2725 771 2760 eui
796 2725 950 2761 insidiae
976 2728 1173 2772 parantur,
1209 2724 1256 2760 ad
1291 2733 1450 2759 summos
1488 2723 1679 2769 pervenire
1704 2722 1863 2761 honores

358 2783 421 2829 (cf.
449 2783 598 2828 Grimm,
627 2783 781 2820 Kinder-
809 2783 882 2819 und
907 2784 1183 2821 Hausmarchen
1210 2782 1271 2830 [Κ.
1297 2782 1342 2818 Η.
1368 2782 1436 2829 Μ.]
1463 2782 1552 2828 Lpz.
1579 2782 1696 2818 Hesse
1712 2781 1780 2818 No.
1803 2782 1866 2826 6ss

351 2845 407 2888 33,
436 2845 491 2887 52,
518 2845 575 2887 57,
615 2845 708 2889 192).
1843 2843 1846 2846 ⁴
