2002 3224
942 234 1230 278 „33-

339 353 456 395 sonis
488 355 744 395 narrantur.
808 367 831 394 c
862 349 1017 394 multis
1049 350 1276 408 exemplis,
1322 365 1436 410 quae
1477 351 1625 397 omnia
1661 365 1844 398 secura-

338 422 429 465 tius
461 426 662 464 tractare
693 421 875 477 longum
908 424 990 473 est,
1034 434 1178 477 pauca
1208 421 1363 465 affero.
1425 420 1615 466 Croesus
1656 421 1737 467 ille
1775 419 1844 466 di-

339 491 536 534 tissimus
558 490 849 547 coniungitur
870 504 967 532 cum
989 489 1320 547 sapientissimo
1342 489 1464 534 viro:
1494 506 1552 535 ne
1573 490 1845 536 ditissimum

337 559 514 618 quidem
546 564 653 603 ante
684 563 870 602 mortem
904 560 1084 603 beatum
1126 574 1220 602 esse
1260 557 1610 605 demonstratur.
1668 559 1731 606 ad
1759 559 1845 606 hoc

339 630 551 673 iudicium
584 628 860 687 probandum
893 628 975 671 filii
1008 631 1141 671 atrox
1172 643 1304 683 mom,
1337 627 1491 673 Croesi
1521 629 1662 688 ipsius
1692 629 1844 676 subita

340 700 470 743 ruina
501 703 728 742 narratur.
790 702 853 750 at,
886 702 1123 756 postquam
1167 700 1374 742 servatus
1405 700 1487 752 est,
1527 713 1619 742 non
1655 698 1747 743 iam
1777 697 1845 744 di-

338 769 536 812 tissimus
569 772 637 811 est
669 769 980 819 barbarorum,
1026 782 1115 811 non
1155 767 1243 811 iam
1286 782 1378 822 rex,
1423 766 1502 811 sed
1532 767 1646 825 Cyri
1687 772 1844 816 suasor

340 842 477 895 atque
509 837 717 880 monitor.

453 906 581 950 Hanc
613 911 763 950 autem
797 907 991 950 suasoris
1032 907 1223 964 figuram
1254 906 1557 951 Herodoteam
1588 905 1843 952 accuratius

337 980 599 1031 tractemus,
632 980 685 1020 ut
707 976 1036 1034 intellegamus,
1060 991 1147 1034 qua
1167 976 1346 1020 ratione
1366 990 1582 1034 personae
1602 975 1847 1022 historicae

336 1046 485 1105 typici
519 1046 786 1104 exemplaris
817 1046 961 1090 vicem
987 1046 1318 1090 nanciscantur.
1362 1047 1554 1104 primum
1584 1046 1634 1091 in
1661 1046 1844 1092 fabellis

335 1115 606 1160 Herodoteis
637 1116 841 1160 nonnulli
875 1132 928 1160 ex
973 1116 1028 1159 iis
1071 1116 1194 1170 viris,
1239 1116 1315 1174 qui
1358 1119 1518 1174 postea
1559 1118 1733 1178 septem
1774 1129 1843 1160 sa-

335 1186 510 1244 pientes
541 1186 906 1239 nominabantur,
949 1186 1030 1229 has
1061 1188 1205 1243 agunt
1236 1188 1403 1243 partes.
1454 1185 1601 1230 veluti
1630 1185 1740 1230 Bias
1768 1185 1844 1231 vel

335 1254 546 1299 Pittacus
579 1255 766 1309 Croeso,
811 1259 863 1298 ut
908 1255 1038 1299 finem
1069 1256 1212 1299 faciat
1242 1255 1426 1299 navium
1457 1254 1843 1311 exstruenda-rum,

337 1324 498 1368 suadet
532 1325 585 1382 (Ι,
618 1326 705 1380 27).
766 1325 875 1369 Bias
914 1325 1061 1379 Iones,
1104 1328 1157 1368 ut
1187 1340 1322 1369 unam
1363 1326 1515 1369 urbem
1555 1325 1604 1368 in
1634 1323 1845 1370 Sardinia

334 1394 574 1438 condentes
606 1395 867 1438 libertatem
899 1398 1094 1449 servent,
1127 1398 1279 1439 monet
1310 1395 1363 1451 (Ι,
1398 1395 1513 1448 170).
1575 1393 1755 1447 Thales,
1785 1396 1841 1440 ut

335 1464 474 1507 Teum
505 1465 660 1508 urbem
691 1467 828 1522 caput
868 1465 1046 1508 concilii
1077 1464 1100 1508 J
1105 1464 1197 1508 onii
1238 1464 1424 1517 faciant,
1454 1464 1639 1508 Ionibus
1682 1463 1844 1509 suadet

332 1534 386 1590 (Ι,
435 1535 548 1591 170).
621 1534 880 1592 priusquam
933 1534 1203 1579 Pisistratus
1247 1537 1383 1578 natus
1430 1537 1521 1588 est,
1568 1533 1840 1592 Hippocrati

333 1603 456 1661 patri
478 1603 608 1647 Chilo
641 1604 873 1647 consilium
905 1603 986 1648 dat
1017 1604 1072 1659 (Ι,
1095 1605 1182 1661 59).
1229 1603 1333 1648 Solo
1356 1603 1583 1658 Croesum,
1614 1619 1671 1648 ne
1701 1605 1837 1662 putet

336 1688 382 1716 se
413 1673 719 1717 beatissimum
764 1689 858 1717 esse
888 1677 1041 1718 monet
1072 1674 1126 1730 (Ι,
1158 1674 1246 1729 29).
1307 1673 1530 1728 videmus,
1574 1673 1840 1732 ubicumque

337 1742 509 1800 aliquid
541 1743 809 1787 discriminis
843 1743 916 1787 vel
946 1743 1222 1787 calamitatis
1253 1743 1528 1798 imminebat,
1570 1758 1624 1787 ex
1665 1742 1840 1801 sapien·

336 1812 459 1855 tibus
486 1813 594 1856 viris
625 1828 760 1856 unum
783 1813 968 1857 consilio
990 1813 1277 1871 prudentiam
1303 1827 1428 1857 suam
1448 1815 1652 1871 probare.
1702 1814 1841 1870 atque

338 1882 786 1926 animadvertendum
817 1885 898 1936 est,
931 1885 984 1926 ut
1015 1883 1170 1927 horum
1203 1883 1402 1926 virorum
1432 1883 1499 1926 rei
1529 1882 1736 1940 publicae
1764 1896 1840 1940 pe-

337 1951 527 1994 ritorum
559 1955 718 2010 postea
749 1952 1003 1996 sententiae
1034 1953 1316 2010 potissimum
1345 1953 1622 2006 ferebantur,
1653 1951 1723 1996 ita
1751 1965 1842 1997 non
1918 1978 1924 1983 ·

337 2021 466 2064 modo
512 2021 703 2075 Solonis,
751 2021 826 2065 sed
873 2022 1011 2066 etiam
1050 2022 1287 2067 Periandri
1334 2022 1583 2066 orationem
1629 2021 1733 2076 (ΠΙ,
1765 2021 1841 2076 53)

338 2090 566 2134 abundare
614 2091 866 2134 sententiis.
930 2091 1049 2149 quod
1095 2092 1421 2135 sententiarum
1463 2091 1662 2135 studium
1702 2091 1843 2136 etiam

338 2160 529 2203 aliorum
578 2175 808 2203 suasorum
854 2161 1085 2219 proprium
1134 2164 1216 2204 est.
1287 2161 1549 2218 agnoscitur
1593 2161 1642 2204 in
1686 2159 1843 2205 Croesi

343 2229 574 2274 suadentis
606 2230 799 2287 (1‚207)‚
832 2231 880 2273 in
909 2230 1138 2274 Artabani
1168 2230 1292 2287 (VII,
1317 2231 1402 2287 10),
1443 2231 1491 2274 in
1520 2231 1711 2275 aliorum
1742 2244 1840 2275 ora-

335 2299 552 2343 tionibus.
616 2299 805 2343 Croesus
837 2300 995 2358 igitur,
1027 2301 1105 2358 qui
1136 2303 1274 2345 antea
1304 2302 1522 2344 barbarus
1552 2303 1839 2345 contemnens

338 2368 515 2413 Solonis
549 2370 798 2413 sententias
829 2370 1098 2427 fingebatur,
1147 2373 1385 2428 postquam
1416 2373 1623 2415 servatus
1653 2372 1737 2425 est,
1767 2384 1846 2414 su·

336 2439 434 2482 bito
479 2439 533 2482 fit
577 2453 744 2494 suasor,
791 2440 869 2498 qui
900 2439 1024 2496 Cyro
1069 2440 1240 2497 optima
1283 2439 1363 2483 dat
1405 2442 1662 2498 praecepta.
1722 2438 1841 2484 unde

338 2512 489 2551 autem
522 2508 711 2553 Croesus
733 2509 985 2564 Persarum,
1019 2509 1073 2553 de
1094 2509 1255 2567 quibus
1275 2513 1399 2554 recte
1419 2508 1672 2554 tractandis
1693 2508 1838 2564 docet,
1876 2544 1878 2547 .

335 2581 544 2621 naturam
576 2579 645 2622 ita
676 2579 954 2636 cognoverit,
989 2582 1040 2623 ut
1071 2579 1239 2623 rectius
1270 2579 1440 2623 iudicet
1471 2579 1568 2636 ipso
1599 2578 1840 2623 Persarum

337 2663 455 2704 rege,
488 2648 661 2691 frustra
692 2649 967 2706 quaerimus:
1001 2663 1227 2693 suasorem
1259 2649 1484 2706 sapientia
1515 2648 1677 2692 ceteris
1707 2662 1840 2706 prae-

339 2720 459 2777 stare
510 2721 855 2762 consentaneum
907 2722 988 2762 est.
1065 2719 1263 2772 fuerunt,
1315 2718 1393 2775 qui
1438 2717 1592 2762 Croesi
1642 2717 1840 2762 animum

341 2786 676 2830 calamitatibus
726 2791 949 2831 mutatum
1000 2803 1095 2832 esse
1144 2789 1413 2832 statuerent.
1494 2787 1573 2831 sed
1621 2786 1840 2846 quomodo
1889 2800 1893 2804 ·

337 2856 698 2913 interpretentur
729 2857 940 2901 Croesum
973 2873 1026 2901 ex
1057 2871 1176 2914 rege,
1214 2857 1291 2914 qui
1321 2871 1411 2900 non
1440 2856 1838 2914 prudentissimum
