2060 3250
13 2892 22 2914 ⁴—
15 2868 18 2871 .
0 2758 19 2845 21'V*
0 2716 2 2725 '

20 2879 30 2892 f
21 2650 32 2659 Ι

1001 186 1265 229 ,3ο-

386 316 489 344 num
521 304 696 358 patrem
730 301 821 344 filio
859 304 1017 345 necato
1063 301 1206 344 minus
1246 300 1441 346 doluisse
1472 316 1605 360 quam
1635 316 1788 361 regem
1815 300 1884 347 iu·

385 371 506 413 ribus
540 370 705 414 divinis
737 371 869 414 laesis
901 369 1163 414 credamus?
1222 371 1415 416 minime.
1478 370 1557 415 sed
1586 370 1642 417 de
1672 370 1884 417 einnffli

383 455 533 483 amore
564 440 610 483 in
643 441 790 499 priore
823 440 1092 484 fabellarum
1124 443 1255 498 parte
1285 441 1338 497 (c.
1360 439 1559 495 34-442)
1584 441 1696 486 satis
1725 454 1884 489 narra-

384 514 479 553 tum
512 514 592 564 est,
627 511 672 554 in
704 510 896 554 secunda
928 512 1058 568 parte
1080 509 1207 567 Atys
1229 514 1431 554 mortuus
1453 511 1695 567 evanescit,
1724 511 1884 570 agitur

384 579 438 623 de
469 579 682 624 Adrasto.
730 580 789 624 ad
813 579 1013 623 fabulam
1034 579 1382 624 continuandam
1413 579 1527 624 nihil
1557 581 1750 626 interest
1778 594 1882 627 nar-

383 664 484 693 rare
507 649 561 693 de
583 654 759 694 mortuo
782 651 923 707 Atye,
957 649 1196 707 plurimum
1218 649 1272 694 de
1293 650 1453 694 misero
1476 650 1690 695 Adrasto.
1728 650 1884 696 Croesi

384 720 500 764 varii
532 721 721 763 affectus
754 736 841 763 non
873 719 1193 777 depinguntur,
1233 719 1311 763 sed
1342 720 1531 778 eligitur
1561 720 1682 764 solus
1711 720 1764 776 is,
1790 720 1884 780 -qui

382 805 497 833 nunc
544 790 819 834 necessarius
869 793 938 833 est
985 789 1044 833 ad
1088 790 1302 834 fabulam.
1381 789 1644 845 Periander,
1693 804 1883 849 quocum

382 859 597 903 Arionem
629 859 842 903 diuturna
887 859 1088 903 amicitia
1130 859 1417 903 coniunctum
1446 859 1586 904 fuisse
1627 859 1881 918 accipimus,

382 944 479 972 cum
502 929 647 972 Arion
678 930 940 983 revertitur,
972 929 1188 973 Arionem
1220 931 1356 973 antea
1387 930 1564 973 omnino
1595 944 1685 974 non
1714 928 1882 975 vidisse

383 998 604 1054 videatur,
650 999 814 1057 quippe
857 1013 986 1057 quem
1035 998 1247 1043 dubitans
1289 999 1343 1043 de
1387 998 1474 1043 fide
1518 999 1612 1043 eius
1664 997 1883 1044 custodiri

381 1069 535 1113 iubeat
557 1069 610 1125 (I.
633 1069 720 1123 24).
770 1069 848 1114 sed
879 1069 1127 1114 Periander
1159 1085 1210 1114 eo
1242 1069 1458 1127 temporis
1490 1072 1713 1114 momento
1744 1068 1880 1114 iudex

381 1142 463 1190 est,
505 1140 582 1197 qui
614 1139 1010 1198 prudentissimum
1043 1155 1090 1183 se
1122 1142 1337 1197 praestet,
1379 1154 1469 1182 non
1501 1139 1680 1183 amicus.
1743 1138 1882 1184 etiam

380 1209 575 1267 pastoris
607 1226 720 1253 uxor
752 1209 862 1253 adeo
898 1210 1011 1266 Cyri
1044 1224 1194 1252 amore
1226 1209 1418 1267 impulsa
1461 1212 1544 1263 est,
1587 1211 1640 1253 ut
1668 1208 1755 1253 hoc
1785 1208 1880 1253 solo

380 1282 545 1323 affecta
584 1280 743 1324 matris
784 1295 977 1324 amorem
1011 1280 1083 1323 vel
1115 1279 1314 1324 dolorem
1356 1278 1640 1323 abscondisse
1670 1278 1883 1324 videatur

378 1350 431 1406 (Ι,
467 1350 581 1406 112).
645 1366 667 1394 0
700 1350 999 1408 compluribus
1040 1349 1277 1393 affectibus
1319 1349 1368 1403 is,
1411 1364 1498 1407 quo
1538 1363 1691 1394 carere
1726 1350 1880 1408 potest

379 1420 547 1475 fabula,
593 1420 834 1464 omittitur.
898 1434 1012 1478 quae
1056 1419 1330 1463 consuetudo
1373 1434 1507 1477 quam
1551 1418 1778 1463 sollemnis
1819 1418 1881 1464 sit

378 1490 624 1545 Herodoto,
668 1506 721 1534 ex
754 1505 805 1533 eo
846 1489 1165 1547 intellegimus,
1210 1489 1328 1547 quod
1372 1489 1510 1533 etiam
1550 1491 1649 1532 tum
1688 1489 1880 1534 affectus

379 1575 468 1604 non
498 1560 738 1605 necessarii
776 1559 1092 1617 negleguntur,
1134 1574 1232 1602 cum
1270 1559 1450 1616 neglegi
1490 1558 1615 1602 nullo
1645 1557 1775 1603 modo
1806 1572 1882 1603 eos

380 1646 507 1687 posse
538 1646 601 1674 ex.
623 1633 879 1673 nostrorum
922 1632 1172 1687 temporum
1216 1628 1440 1673 sentiendi
1483 1629 1661 1673 ratione
1701 1642 1881 1687 exspec-

378 1703 540 1743 tamus.
601 1700 776 1757 gratias
820 1700 889 1754 iis,
934 1714 1122 1757 quorum
1153 1699 1380 1743 beneficiis
1423 1699 1492 1742 usi
1534 1699 1627 1742 sint
1665 1698 1879 1754 homines,

378 1773 504 1813 actas
538 1785 631 1813 esse
663 1768 889 1813 interdum
920 1784 1009 1812 non
1040 1772 1267 1822 narratur,
1309 1784 1408 1812 cum
1441 1771 1600 1827 postea
1630 1768 1879 1813 referentes

377 1839 574 1897 gratiam
605 1839 835 1883 videamus
857 1839 910 1895 (I,
934 1839 1013 1893 353
1047 1838 1136 1892 III,
1162 1839 1276 1895 140).
1337 1838 1481 1896 magis
1502 1838 1728 1893 miramur,
1761 1836 1880 1896 quod

378 1925 435 1953 ne
479 1911 632 1966 patres
680 1908 872 1967 quidem,
920 1923 1018 1952 cum
1063 1908 1146 1951 filii
1187 1923 1213 1952 a
1253 1908 1507 1952 crudelibus
1549 1907 1761 1965 tyrannis
1804 1905 1880 1951 vel

378 1979 599 2022 militibus
643 1979 792 2023 necati
836 1985 955 2032 sunt,
1008 1981 1287 2036 quantopere
1328 1978 1487 2022 animis
1530 1977 1730 2036 percussi
1772 1977 1877 2032 sint,

377 2052 591 2091 narratur
622 2049 726 2103 (ΙΙΙ,
762 2049 828 2102 11,
861 2049 937 2102 35ς
980 2048 1060 2102 IV,
1093 2049 1170 2103 84;
1214 2047 1312 2104 (VI,
1347 2048 1468 2103 139);
1511 2047 1617 2103 VII,
1650 2047 1736 2104 39).
1797 2046 1877 2091 mi'·

378 2132 541 2171 ramur,
583 2117 702 2176 quod
733 2118 887 2161 mariti
919 2117 1059 2172 dolor,
1101 2133 1199 2161 cum
1229 2133 1343 2161 uxor
1373 2120 1507 2175 rapta
1539 2117 1612 2161 vel
1643 2116 1879 2175 deperdita

379 2188 451 2241 sit,
485 2203 574 2231 non
605 2188 801 2231 affertur
822 2187 921 2243 (VI,
946 2187 1024 2242 62;
1060 2187 1140 2241 IX,
1167 2187 1280 2243 113).
1341 2201 1476 2230 causa
1499 2189 1568 2230 est
1590 2186 1722 2231 haec:
1755 2189 1879 2245 post-

377 2272 510 2315 quam
541 2273 611 2301 res
643 2258 767 2301 facta
800 2260 881 2311 est,
923 2272 1011 2301 non
1054 2273 1162 2315 opus
1195 2260 1295 2301 erat
1325 2270 1510 2301 narrare
1540 2256 1595 2300 de
1626 2256 1878 2311 affectibus,

377 2327 537 2385 quibus
567 2328 656 2371 iam
687 2327 751 2370 nil
783 2327 897 2371 effici
928 2330 1111 2385 poterat
1142 2330 1279 2385 atque
1310 2327 1491 2371 mutari.

495 2397 583 2440 Pro
615 2397 852 2441 affectibus
875 2396 1112 2455 descriptis
1146 2411 1290 2454 saepe,
1323 2411 1438 2455 quae
1458 2411 1528 2440 res
1551 2397 1606 2440 ab
1627 2395 1879 2440 hominibus

377 2470 533 2524 gestae
580 2467 692 2520 sint,
740 2470 966 2510 narratur.
1045 2467 1288 2523 Cambyses
1336 2466 1499 2510 Croeso
1543 2465 1752 2510 suadenti
1789 2479 1880 2510 non

378 2537 602 2590 irascitur,
636 2536 713 2580 sed
745 2551 895 2580 arcum
927 2537 1050 2594 capit
1083 2537 1188 2593 (III,
1221 2537 1309 2591 36).
1370 2536 1546 2580 Dareus
1587 2550 1677 2579 non
1717 2537 1889 2593 gratus

378 2609 459 2659 cst,
493 2605 570 2649 sed
600 2606 798 2662 gratiam
828 2607 971 2650 refert
1002 2606 1216 2663 Sylosoni
1247 2605 1350 2663 (III,
1377 2605 1488 2662 141).
1550 2605 1758 2649 Masistes
1789 2619 1879 2649 non

378 2675 529 2718 dolore
562 2678 751 2719 affectus
784 2679 865 2730 est,
899 2675 976 2719 sed
1009 2676 1242 2720 ulciscitur
1270 2676 1370 2732 (IX,
1405 2675 1519 2732 113).

492 2744 618 2786 Alibi
650 2760 738 2787 non
771 2746 960 2788 affectus
993 2745 1319 2800 describuntur,
1365 2744 1443 2789 sed
1473 2747 1628 2802 gestus
1661 2759 1715 2788 ex
1744 2745 1876 2789 affec·

377 2814 498 2856 tibus
529 2814 753 2871 procreati
777 2830 1014 2873 eorumque
1035 2818 1190 2859 testes.
1235 2815 1359 2859 cuius
1390 2815 1467 2869 rei,
1501 2829 1635 2872 quam
1663 2814 1877 2872 gravissi-
