2002 3224
977 228 1265 272 -44-

372 346 466 404 givi
513 351 649 402 atque
680 345 882 402 Argivae
924 342 1113 386 laudant
1155 342 1462 388 adulescentes
1501 347 1639 402 atque
1679 345 1870 389 matrem

374 416 426 469 (21.
451 415 547 469 31v;
583 415 626 458 in
659 413 844 457 consilio
878 419 977 456 octo
1011 427 1163 470 regum
1194 411 1469 471 Scytharum
1499 415 1744 459 convooato
1774 415 1869 460 tres

373 500 499 542 reges
521 484 819 536 consentiunt,
852 483 1047 540 quinque
1078 496 1176 525 eum
1197 482 1358 526 ceteris
1390 482 1535 526 tribus
1563 482 1869 543 discrepantes

372 558 422 597 ut
467 569 577 597 unus
624 553 893 597 sententiam
937 551 1092 595 dicunt
1135 551 1229 605 (lv,
1263 551 1378 607 119).
1439 550 1518 596 sed
1557 551 1758 599 notanda
1799 555 1870 598 ent

373 624 509 666 etiam
542 623 631 666 alia
655 622 864 665 narrandi
899 622 1029 665 ratio.
1093 636 1146 664 ex
1178 619 1404 664 hominum
1433 620 1727 667 multitudine
1754 637 1869 668 unus

372 693 444 737 vel
476 693 625 750 plures
648 691 907 749 procedunt,
942 691 1190 748 loquuntur
1210 692 1348 748 atque
1379 692 1535 748 agunt,
1566 690 1728 749 quibus
1757 691 1869 736 mul-

371 762 521 806 titudo
555 764 940 818 rcp1·acsentatur;
989 759 1129 803 ceteri
1159 763 1240 803 aut
1271 759 1560 804 consentiunt
1589 762 1673 805 aut
1702 759 1870 807 dissen-

372 833 518 884 tiunt,
566 830 641 874 sed
685 846 772 873 non
809 832 952 887 agunt
983 832 1064 873 aut
1095 829 1354 887 loquuntur.
1414 829 1462 873 in
1493 828 1678 875 consilio
1708 844 1871 876 convo-

371 907 471 944 cato
505 900 657 944 Croesi
689 899 826 943 solius
859 899 1086 943 sententia
1115 899 1319 954 affertur,
1352 899 1492 943 ceteri
1521 914 1612 944 non
1634 898 1869 959 loquentes

372 970 645 1013 inducuntur
685 970 738 1022 (I,
771 970 887 1024 207).
950 984 1004 1013 ex
1047 968 1298 1013 Samiorum
1337 968 1442 1026 (ΠΙ,
1488 969 1589 1025 142)
1634 971 1773 1029 atque
1815 985 1869 1016 ex

370 1039 725 1096 Babyloniorum
758 1038 1050 1082 multitudine
1093 1038 1196 1095 (III,
1242 1039 1340 1090 151)
1378 1054 1492 1083 unus
1537 1053 1738 1091 sermone
1780 1054 1870 1085 om-

371 1109 493 1152 nium
533 1109 806 1152 sententiam
846 1107 1056 1166 explieat.
1133 1123 1264 1166 saepe
1309 1107 1424 1152 duae
1465 1122 1684 1167 personae
1725 1112 1871 1168 agunt

371 1179 532 1222 ceteris
564 1178 947 1222 consentientibus
979 1178 1053 1222 vel
1074 1177 1444 1222 dissentientibus
1466 1177 1564 1234 (IV,
1584 1178 1686 1235 137;
1707 1177 1764 1234 V,
1780 1178 1869 1236 36).

371 1263 562 1291 summus
594 1263 800 1291 numerus
832 1247 1058 1291 ternarius
1089 1251 1148 1292 et.
1211 1247 1462 1305 exemplum
1492 1247 1655 1292 affero:
1699 1250 1871 1307 septem

372 1318 456 1360 viri
488 1318 722 1361 convocati
769 1317 1087 1375 colloquuntur
1129 1317 1233 1371 (III,
1280 1317 1367 1374 80).
1429 1332 1578 1362 omnes
1621 1317 1871 1363 sententiaa

371 1387 569 1430 dicturos
601 1403 695 1431 esse
727 1391 1048 1445 exspectamus,
1083 1387 1160 1431 sed
1191 1390 1284 1431 tres
1316 1387 1401 1431 soli
1431 1387 1691 1446 loquuntur,
1731 1386 1872 1432 ceteri

370 1472 467 1500 eum
500 1457 646 1501 Dareo
690 1458 977 1501 consentiunt
1009 1457 1119 1512 (III‚⁷
1147 1457 1234 1514 83).
1294 1457 1414 1502 idem
1453 1457 1508 1502 fit
1549 1457 1597 1501 in
1626 1456 1813 1514 consilio
1842 1471 1873 1503 a

371 1527 521 1571 Xerxe
552 1531 796 1571 convocato
827 1527 950 1584 (VII,
983 1528 1011 1570 8
1033 1530 1134 1586 sq.):
1169 1543 1223 1571 ex
1255 1528 1456 1572 omnibus
1481 1527 1722 1573 Persarum
1750 1526 1870 1587 prin-

371 1597 540 1654 cipibus
587 1601 680 1641 tres
725 1597 808 1640 soli
839 1597 1045 1655 deinceps
1089 1598 1336 1655 loquuntur
1366 1597 1553 1652 Xerxes,
1597 1596 1870 1654 Mardonius,

371 1667 647 1709 Artabanus.
710 1668 850 1710 attero
890 1667 1027 1710 etiam
1070 1667 1152 1711 hoe
1199 1667 1448 1725 exemplum
1477 1666 1550 1723 (V,
1583 1666 1678 1724 92):
1722 1666 1873 1712 deoem

371 1736 458 1778 viri
492 1734 732 1793 Cypselum
766 1736 1001 1793 puerulum
1022 1736 1311 1780 interfecturi
1332 1735 1642 1780 misericordia
1662 1736 1872 1781 commoti

370 1804 452 1848 hoc
484 1804 611 1848 modo
644 1805 937 1849 inducuntur:
970 1806 1139 1864 primus
1170 1806 1406 1864 puerulum
1436 1805 1517 1850 dat
1547 1806 1708 1862 alteri,
1752 1805 1873 1852 alter

370 1875 535 1928 tertio,
580 1875 720 1919 ceteri
764 1891 912 1920 omnes
957 1876 1182 1920 coniuncti
1213 1878 1630 1921 commemorantur.
1703 1891 1759 1920 ex
1801 1874 1872 1920 his
1925 1899 1946 1915 ·.

371 1944 583 2001 exemplis
615 1944 697 1988 hoc
730 1946 840 1989 satis
873 1949 1084 2004 apparet:
1133 1945 1391 1990 Herodotus
1422 1948 1504 1990 aut
1533 1945 1874 1991 multitudinem

371 2013 516 2070 fingit,
561 2015 689 2071 quasi
733 2015 793 2058 sit
836 2030 925 2059 una
959 2030 1167 2073 persona,
1213 2019 1294 2059 aut
1340 2031 1394 2060 ex
1437 2014 1729 2060 multitudine
1768 2015 1872 2060 emi·

371 2088 528 2126 nentes
560 2084 671 2126 facit
717 2099 858 2133 unam,
881 2085 955 2128 vel
985 2085 1135 2142 plures
1167 2099 1390 2143 personas.
1451 2099 1692 2144 numquam
1721 2085 1871 2144 plures

374 2145 519 2195 tribus
551 2153 750 2210 personis
783 2154 992 2207 eminent,
1024 2157 1201 2198 ceterae
1242 2154 1494 2198 summatim
1525 2154 1871 2213 coniunguntur.

493 2222 692 2266 Similem
723 2223 938 2266 narrandi
968 2223 1144 2267 modum
1184 2224 1231 2267 in
1260 2224 1612 2268 narratiunculis
1645 2224 1827 2269 Veteris
1842 2225 1874 2282 ¹)

374 2295 420 2335 et
453 2292 574 2335 Novi
605 2292 885 2338 Testamenti
900 2294 933 2349 ²)
965 2308 993 2337 a
1023 2294 1157 2351 volgo
1195 2294 1393 2338 narratis
1424 2293 1740 2352 cognoscimus.

495 2447 528 2490 1)
555 2444 600 2480 cf.
628 2445 783 2489 Gunkel‚
811 2457 844 2492 p.
872 2448 916 2482 35
943 2445 1016 2491 „So
1044 2445 1186 2482 werden
1212 2447 1250 2482 in
1275 2446 1362 2483 sehr
1387 2446 1503 2483 vielen
1530 2445 1669 2491 Fallen,
1707 2451 1762 2484 wo
1790 2446 1873 2484 eine

372 2505 555 2540 Mehrheit
583 2505 741 2549 austritt,
778 2505 878 2542 diese
903 2506 1020 2542 vielen
1055 2506 1110 2542 als
1137 2506 1285 2542 Einheit
1310 2505 1523 2542 behandelt:
1550 2506 1603 2542 sie
1626 2504 1772 2543 denken
1796 2504 1873 2542 und

373 2564 501 2598 wollen
528 2563 695 2600 dasselbe
721 2564 796 2600 und
821 2564 979 2601 handeln
1018 2565 1083 2601 der
1116 2566 1197 2602 eine
1232 2566 1299 2602 wie
1334 2564 1399 2601 der
1424 2564 1559 2602 andere
1585 2593 1594 2601 .
1620 2592 1628 2600 .
1656 2592 1664 2601 .
1715 2565 1767 2601 Es
1792 2569 1869 2602 ent-

372 2623 511 2667 spricht
538 2623 614 2659 dies
641 2623 710 2659 den
736 2624 947 2660 Zustiinden
981 2625 1088 2670 jener
1113 2625 1212 2661 alten
1238 2625 1339 2669 Zeu,
1376 2624 1415 2660 in
1451 2623 1569 2660 denen
1606 2623 1673 2660 der
1709 2623 1873 2661 einzelne

372 2682 447 2716 sich
476 2693 542 2716 von
570 2682 635 2718 der
653 2683 933 2729 Allgemeinheit
950 2684 1021 2720 viel
1040 2685 1198 2730 weniger
1215 2682 1488 2720 untcrscheidet
1513 2683 1568 2720 als
1594 2683 1631 2719 in
1649 2682 1717 2720 der
1733 2683 1873 2730 Gegan-

375 2746 475 2775 wart.
527 2742 700 2786 Zugleich
727 2743 816 2778 aber
842 2743 890 2779 ist
915 2743 993 2780 dies
1020 2742 1365 2780 Zusammenfassen
1390 2742 1670 2780 verschiedener
1686 2743 1872 2780 Per-ouon

372 2798 486 2835 durch
512 2799 576 2835 das
603 2801 851 2847 [fus-ermogen
878 2802 943 2838 der
968 2803 1149 2839 Erzahler
1173 2801 1481 2848 horvorgerufen‚
1518 2801 1576 2838 die
1613 2801 1872 2839 vorhandcnen

372 2859 634 2895 Unterschiede
660 2866 769 2896 unter
794 2860 863 2896 den
890 2861 1103 2898 Indis-iduen
1128 2861 1367 2898 aufzufassen
1392 2860 1466 2897 und
1492 2860 1775 2898 darzustellen“.

495 2921 531 2962 2)
559 2918 604 2954 cf.
631 2919 880 2964 Wellhausen‚
914 2921 937 2956 1.
964 2921 986 2956 1.
1024 2933 1058 2967 p.
1085 2924 1150 2958 40:
1194 2921 1333 2966 „Unter
1370 2919 1439 2957 den
1477 2919 1652 2957 dramatis
1691 2930 1872 2966 personae
1990 2941 2002 2954 .-
