1962 3178
971 230 1263 274 -72-

371 349 577 393 nuntium
609 348 805 392 laeserat
834 346 939 402 (III,
975 346 1087 403 121).
1148 345 1324 391 Dareus
1354 359 1453 390 cum
1483 344 1676 392 Graecis
1698 356 1868 404 pugna-

371 421 499 462 turus
532 421 613 471 est,
645 418 752 476 quia
783 417 951 460 Atossa
983 417 1027 459 in
1070 414 1236 460 lectulo
1280 415 1446 460 cubans
1490 426 1645 461 servu
1672 411 1870 461 Graecas

368 487 682 546 postulaverat
713 486 817 542 (ΙΙΙ,
854 486 965 542 134).
1013 485 1170 529 Samus
1191 499 1219 529 a
1240 483 1390 529 Dareo
1421 485 1720 548 expugnatur,
1751 481 1871 544 quod

371 557 565 614 Syloson
597 556 710 600 hanc
752 556 941 599 insulam
987 555 1215 613 petiverat
1251 569 1332 612 pro
1376 553 1602 609 beneficio,
1638 558 1733 614 'quo
1763 551 1870 599 clim

370 626 565 671 Dareum
600 625 739 684 pallio
772 625 937 669 donato
970 623 1305 681 affeceratssII,
1335 623 1448 681 139).
1495 622 1747 668 Paeonibus
1775 621 1869 667 bel-

370 695 461 739 lum
494 696 651 739 intulit
675 696 861 748 Dareus,
895 695 999 753 quia
1021 695 1247 738 Paeonum
1277 694 1508 739 mulierem
1537 708 1638 740 cum
1657 691 1871 752 ampliora

371 780 495 823 equo,
528 766 627 808 fuso
660 768 1021 822 praetereuntem
1055 763 1224 818 videns,
1266 766 1318 807 ut
1357 766 1538 821 gentem
1578 761 1870 821 diligentissi-

372 850 486 878 mam
519 838 656 891 atque
688 833 956 877 industriam
1002 834 1046 876 in
1079 832 1297 877 dicionem
1336 847 1460 877 suam
1502 831 1752 891 redigeret,
1795 845 1871 889 op-

369 906 500 948 tabat
532 903 603 959 (V,
643 904 723 958 12).
785 903 853 946 his
886 902 1099 961 exemplis
1130 905 1342 961 apparet,
1387 917 1500 961 quae
1538 903 1706 960 gerunt
1742 915 1872 959 reges

369 973 440 1017 vel
472 973 715 1030 principes,
764 972 821 1015 ad
852 987 1007 1016 causas
1039 973 1243 1030 privatas
1274 972 1435 1016 referri
1466 987 1494 1016 a
1523 970 1871 1017 fabulatoribus.

369 1041 489 1086 bella
519 1041 752 1085 discordiis
785 1041 1038 1085 domesticis
1069 1042 1400 1086 adsimulantur
1431 1041 1504 1086 vel
1538 1041 1659 1099 regis
1681 1038 1870 1085 libidine

368 1112 630 1155 incitantur.
680 1126 767 1169 qua
800 1127 846 1154 re
878 1111 1148 1165 Herodotus,
1181 1114 1398 1169 quantum
1430 1111 1617 1156 diflerat
1645 1112 1702 1155 ab
1731 1109 1874 1156 histo·

369 1182 474 1235 rico,
498 1181 643 1239 qualis
665 1180 952 1237 Thucydides
976 1185 1057 1234 est,
1091 1181 1186 1238 ipse
1207 1182 1383 1239 probat.
1415 1179 1486 1224 his
1507 1178 1707 1225 bellandi
1728 1181 1873 1225 causis

370 1250 526 1293 allatis
558 1250 859 1293 fabulatorem
902 1265 948 1292 se
979 1253 1185 1307 praestat
1227 1251 1379 1308 potius
1419 1264 1552 1308 quam
1597 1249 1873 1298 historicum.

371 1319 530 1376 volgus
564 1318 760 1362 bellandi
793 1333 948 1363 causas
980 1320 1181 1377 fingebat
1212 1323 1350 1378 atque
1380 1321 1598 1364 narrabat
1629 1333 1717 1374 eas,
1763 1332 1875 1379 quas

372 1405 424 1432 ex
458 1405 535 1432 suo
568 1389 714 1433 animo
755 1393 938 1447 poterat
981 1389 1269 1446 intellegere:
1317 1389 1583 1434 domesticas
1614 1387 1873 1445 discordiae,

372 1459 497 1512 iram,
530 1459 739 1515 gratiam,
763 1458 1071 1516 cupiditatem,
1104 1459 1347 1503 ulciscendi
1379 1458 1589 1503 studium.
1632 1458 1753 1503 bella
1776 1458 1877 1518 ipsa

371 1544 459 1572 non
491 1533 699 1571 accurate
732 1531 1013 1582 enarrantur,
1048 1528 1125 1572 sed
1156 1529 1362 1587 singulae
1379 1531 1694 1587 proponuntur
1721 1541 1878 1573 narra·
1904 1533 1909 1540 ‘

371 1598 598 1642 tiunculae
634 1602 772 1656 atque
803 1598 1011 1651 fabellae,
1045 1613 1158 1656 quae
1180 1599 1306 1656 quasi
1339 1599 1385 1642 in
1407 1613 1568 1643 scaena
1587 1600 1718 1643 actae
1737 1596 1880 1643 oculis

370 1671 624 1712 cernuntur.
692 1667 950 1711 Herodotus
983 1668 1126 1725 igitur
1171 1669 1302 1726 eligit
1332 1668 1556 1726 quandam
1600 1675 1719 1722 rem,
1761 1681 1878 1727 quae
1956 1662 1962 1675 ⁵

370 1737 507 1780 habet
560 1737 849 1793 symbolicam
896 1738 986 1780 vim
1046 1741 1183 1795 atque
1238 1738 1450 1782 memoria
1496 1740 1682 1782 tenetur
1727 1738 1783 1782 ob
1829 1735 1879 1781 id
1948 1768 1962 1773 -

371 1806 532 1864 ipsum,
565 1806 671 1863 quia
702 1806 839 1849 oculis
870 1808 1083 1850 cernitur,

490 1875 618 1919 Hanc
650 1876 863 1919 narrandi
894 1877 1116 1919 rationem
1148 1877 1284 1920 etiam
1316 1876 1471 1920 multis
1502 1876 1605 1920 aliis
1634 1875 1745 1920 locis
1774 1891 1878 1935 cog·

373 1946 605 1998 noscimuS,
639 1960 727 2002 qua
756 1961 861 1988 usus
893 1946 1151 1990 Herodotus
1183 1946 1451 2003 symbolicas
1479 1946 1679 1990 actiones
1709 1934 1891 1991 electas-

373 2018 544 2067 narrat,
579 2015 738 2071 quibus
769 2019 869 2058 tota
903 2032 972 2059 res
1004 2016 1199 2060 dilucide
1230 2016 1502 2060 illustratur.
1566 2015 1770 2074 exempla
1810 2014 1879 2060 af·

375 2084 471 2127 fero
515 2084 742 2139 symbola,
788 2100 901 2140 quac
942 2101 1038 2128 cum
1083 2086 1300 2129 similibus
1343 2086 1589 2129 Homericis
1629 2085 1880 2144 comparari

376 2157 575 2211 possunt.
651 2153 726 2196 sed
770 2155 825 2196 ab
867 2154 1047 2198 Home1
1038 2170 1105 2198 ica
1145 2155 1358 2198 narrandi
1402 2156 1578 2199 ratione
1621 2154 1880 2200 Herodotus
1942 2180 1962 2207 ,-

379 2222 547 2276 differt,
581 2224 745 2280 quippe
777 2224 852 2281 qui
884 2239 973 2267 non
1004 2225 1152 2268 verbis
1183 2227 1362 2268 tantum
1403 2224 1477 2282 (ως
1507 2224 1575 2268 ὅτε
1606 2258 1615 2268 .
1651 2260 1659 2269 .
1693 2224 1722 2281 .)
1762 2239 1881 2282 sym-

379 2291 481 2336 bola
512 2293 661 2346 affert,
695 2292 771 2336 sed
803 2293 1001 2337 actiones
1034 2294 1153 2351 ipsas
1186 2294 1479 2351 symbolicas,
1520 2308 1635 2351 quae
1676 2296 1782 2338 sunt
1810 2293 1898 2338 fa·-

379 2362 510 2405 bulae
542 2362 680 2420 ipsius
711 2366 886 2420 partes,
929 2362 1165 2407 describat.
1227 2364 1454 2422 Aegyptii
1485 2363 1687 2407 Amasim
1729 2377 1882 2422 regem

379 2431 535 2474 humili
567 2432 663 2475 loco
695 2436 851 2476 natum
882 2432 1186 2477 contemnunt.
1238 2434 1430 2487 Amasis,
1462 2438 1515 2477 ut
1543 2432 1881 2492 Aegyptiorum

380 2502 623 2544 amicitiam
656 2502 739 2546 sibi
759 2506 999 2560 comparet,
1033 2519 1086 2546 ex
1108 2517 1244 2547 aurea
1265 2503 1401 2561 pelvi,
1433 2503 1479 2546 in
1500 2517 1632 2561 quam
1653 2502 1881 2561 Aegyptii

382 2576 606 2629 spuerant,
639 2573 905 2626 minxerant,
939 2573 985 2615 in
1016 2588 1105 2631 qua
1135 2573 1268 2631 pedes
1299 2573 1522 2626 laverant,
1555 2587 1741 2617 aureum
1766 2571 1882 2618 facit

383 2641 676 2695 simulacrum,
722 2642 839 2700 quod
880 2643 1108 2701 Aegyptii
1145 2658 1414 2701 magnopere
1445 2645 1732 2687 venerantur.
1793 2657 1882 2701 quc

361 2710 585 2766 symbolo
617 2711 759 2765 docet,
792 2727 924 2769 quam
965 2713 1106 2756 stulte
1146 2713 1337 2757 fecerint
1380 2713 1446 2766 ei,
1489 2714 1565 2771 qui
1609 2728 1655 2757 se
1695 2727 1884 2772 regnum

384 2779 595 2838 adeptum
627 2782 1009 2839 contempsissent,
1043 2782 1163 2841 quod
1184 2782 1342 2826 humili
1373 2783 1470 2826 loco
1495 2787 1630 2827 natus
1662 2785 1782 2828 esset
1800 2782 1881 2840 (H,

387 2851 499 2905 172).
563 2850 794 2908 Cambysis
839 2867 951 2895 uxor
990 2853 1145 2896 mariti
1187 2853 1312 2907 iram,
1356 2868 1455 2896 cum
1497 2852 1608 2896 dicit
1640 2868 1740 2897 eum
1769 2852 1885 2911 Gyri

1899 3111 1938 3178 i'aessf'
1928 3055 1942 3085 ,

1934 3050 1962 3178 ΕλκῦΑλ
1959 3023 1962 3026 .
1952 2988 1954 2990 <
1947 2914 1962 2925 .·
1951 2842 1954 2844 ⁴
