2002 3224
918 116 1235 171 .—48—

464 242 702 285 Omtiones
732 242 970 286 maximam
999 241 1267 287 fabellarum
1299 245 1475 301 partem
1504 240 1706 287 videmus
1736 248 1845 287 esse.

348 312 486 355 etiam
526 311 572 356 in
613 311 796 355 Homeri
837 310 1104 355 carminibus
1145 311 1372 357 orationes
1411 310 1596 356 maximi
1632 309 1849 357 momenti

349 387 453 425 sunt
485 381 559 437 (cf.
593 381 782 431 Finslcr‚
824 397 865 439 p
899 381 1021 436 494);
1054 381 1301 439 quaeritur,
1331 397 1438 426 num
1465 378 1727 427 Herodotus
1754 377 1848 426 Ho-

349 467 516 495 merum
546 451 750 495 imitatus
781 465 994 509 personas
1015 450 1158 508 magis
1181 449 1488 509 colloquentes
1508 464 1645 511 quam
1660 452 1850 509 agentes

349 520 595 565 induxerit.
672 535 937 578 quamquam
982 535 1081 564 eum
1123 519 1352 563 imitatum
1394 519 1579 565 Homeri
1621 515 1849 567 orationes

349 592 459 634 benc
491 590 759 648 compositas
791 593 982 634 metrum
1014 604 1320 647 compensasse
1351 589 1573 648 singulari
1603 581 1849 646 structura,

348 660 554 704 membris
587 660 708 703 inter
727 675 772 703 se
797 658 1181 717 respondentibus,
1215 658 1470 704 orationum
1500 659 1713 704 ubertate
1732 657 1851 711 veri-

349 730 492 773 simile
533 729 678 773 videri
723 732 889 787 potest,
937 732 1089 773 tamen
1122 728 1363 772 Homerum
1410 727 1553 781 solum
1594 728 1719 774 tanti
1758 742 1852 790 mo-

348 799 488 843 menti
529 814 623 842 esse
666 814 755 842 non
797 802 964 856 putem.
1026 813 1129 842 nam
1171 814 1259 842 non
1299 798 1429 842 modo
1461 798 1508 842 in
1537 797 1725 843 Homeri
1754 811 1850 848 car-

348 869 554 921 minibus,
599 868 674 912 sed
717 868 762 911 in
805 868 1006 912 omnibus
1044 868 1140 912 fere
1180 867 1347 912 fabulis
1391 871 1530 926 atque
1581 867 1852 912 carminibus

349 938 640 997 popularibus
685 938 912 982 orationes
953 938 1146 985 multum
1184 937 1352 982 valent.
1415 937 1535 996 quod
1573 936 1775 983 videmus
1803 937 1854 983 in

351 1009 678 1067 antiquissimis
709 1007 889 1052 fabellis
920 1008 1171 1066 Aegyptiis
1186 1008 1217 1065 ¹)
1249 1011 1295 1052 et
1327 1007 1374 1051 in
1404 1007 1673 1053 carminibus
1712 1021 1851 1067 popu·

356 1078 526 1122 laribus
540 1078 573 1134 ²)
605 1081 651 1122 et
682 1078 729 1121 in
760 1078 940 1121 fabellis
973 1077 1251 1122 Germanicis
1264 1077 1310 1132 ⁸).

469 1147 642 1205 Volgus
675 1148 804 1192 iuvat
844 1147 1042 1190 homines
1083 1146 1293 1191 inducere
1337 1146 1657 1204 colloquentes,
1701 1158 1854 1192 eorum

353 1218 630 1262 orationibus
674 1218 906 1269 interesse,
951 1232 1099 1261 rerum
1139 1217 1386 1275 participes
1430 1231 1538 1261 esse.
1619 1229 1757 1276 quam
1795 1216 1852 1266 ob

352 1303 444 1331 rem
476 1289 611 1345 atque
643 1287 748 1345 quia
789 1286 1012 1331 indirecta
1043 1287 1248 1331 oratione
1279 1287 1349 1330 uti
1381 1286 1696 1330 difficultatem
1723 1300 1853 1345 prae,-
1905 1296 1908 1298 ’

351 1359 488 1401 bebat
530 1357 854 1414 antiquissimis
898 1356 1162 1411 hominibus,
1208 1357 1457 1401 orationem
1501 1356 1770 1401 indirectam
1804 1355 1854 1401 in

353 1427 533 1470 fabellis
565 1427 790 1470 rarissime
816 1427 1067 1470 adhibitam
1099 1442 1193 1471 esse
1224 1427 1543 1485 cognoscimus.
1604 1425 1726 1485 quod
1753 1419 1853 1470 cum

356 1512 409 1541 ex
441 1497 543 1540 aliis
590 1498 721 1541 rebus
767 1496 1085 1554 intellegimus,
1133 1499 1230 1540 tum
1271 1512 1325 1541 ex
1368 1497 1437 1551 iis,
1484 1510 1596 1555 quas
1638 1494 1857 1540 nuntiant

355 1567 517 1610 nuntii.
579 1567 728 1610 nuntii
760 1582 933 1624 semper
970 1567 1066 1610 fere
1107 1566 1263 1610 iisdem
1295 1566 1455 1620 verbis,
1497 1580 1613 1624 quae
1642 1564 1858 1611 mandata

357 1639 475 1691 sunt,
508 1639 720 1694 repetunt
736 1638 782 1692 ⁴).

474 1706 562 1750 Sed
592 1706 710 1763 apud
732 1705 1012 1750 Herodotum
1043 1705 1158 1750 hanc
1189 1706 1434 1764 simplicem
1464 1705 1726 1749 nuntiorum
1754 1718 1857 1748 nar-

357 1776 487 1820 randi
510 1777 731 1819 rationem
752 1776 932 1819 minime
954 1775 1203 1820 adhibitam
1225 1791 1319 1820 esse
1341 1775 1661 1832 intellegimus.
1706 1775 1857 1829 verba,

358 1861 471 1904 quae
508 1846 792 1900 nuntiantur,
834 1846 968 1890 semel
1000 1847 1056 1890 ab
1089 1845 1320 1889 Herodoto
1363 1847 1619 1890 afferuntur
1651 1843 1757 1901 (III,
1793 1842 1859 1901 14,

360 1916 465 1971 1223
501 1915 555 1970 V,
588 1916 662 1971 24)
709 1919 845 1974 atque
891 1915 1148 1959 Herodotus
1195 1914 1325 1959 addit
1371 1914 1509 1969 „haec
1552 1929 1632 1960 rex
1675 1912 1860 1959 nuntios
1927 1890 1933 1895 ι

485 2104 519 2148 1)
545 2103 591 2139 cf.
618 2103 751 2150 Papyr.
779 2104 969 2140 Westcar:
1008 2104 1146 2139 Erman
1171 2114 1206 2139 u.
1234 2103 1365 2148 Krebs,
1406 2106 1478 2139 Aus
1506 2102 1575 2139 den
1601 2102 1770 2149 Papyrus
1794 2099 1863 2139 der

360 2163 503 2208 Konigl.
532 2163 694 2207 Museen,
721 2163 818 2199 Berl.
849 2165 949 2206 1899,
978 2175 1012 2209 p.
1040 2165 1086 2198 30
1097 2174 1151 2208 sq.

487 2223 525 2268 2)
551 2222 664 2258 affero
719 2222 958 2259 celeberrima
1004 2223 1184 2266 carmina,
1238 2233 1333 2268 quae
1372 2233 1439 2259 nos
1478 2232 1647 2258 vocamus
1684 2219 1863 2258 Banaden

363 2282 517 2327 „Donna
543 2281 786 2318 Lombardia“
815 2286 852 2318 et
880 2280 1096 2327 „Edwa’rd“‚
1124 2292 1218 2327 quae
1244 2286 1325 2318 tota
1350 2281 1429 2318 fere
1455 2292 1501 2318 ex
1526 2275 1864 2330 orationibustcon-

359 2345 471 2377 stant.

485 2402 522 2446 3)
550 2400 595 2436 cf.
623 2401 770 2444 Grimm,
799 2403 843 2437 32
873 2401 970 2446 „Der
996 2401 1181 2446 gescheitc
1208 2401 1345 2436 Hans“.

483 2463 520 2505 4)
547 2461 593 2498 cf.
620 2461 774 2504 Finsler‚
814 2473 847 2506 p.
885 2463 974 2505 4883
1013 2461 1224 2506 Miklosich‚
1261 2461 1330 2496 Die
1368 2460 1606 2506 Darstellung
1642 2459 1692 2495 im
1729 2458 1865 2496 sloven.

363 2521 579 2565 Volksepos,
607 2520 808 2556 Denkschr.
836 2520 871 2556 d.
890 2521 1007 2556 Wien.
1035 2520 1105 2556 Ak.
1130 2510 1228 2555 Phi1.'
1243 2519 1327 2556 hist.
1348 2519 1404 2555 Kl.
1433 2521 1488 2555 38.
1516 2517 1606 2555 Hert
1622 2520 1656 2562 3,
1681 2529 1718 2564 p.
1737 2519 1864 2564 lsssqae

366 2580 462 2626 „Der
488 2579 568 2615 dem
595 2580 711 2615 Boten
737 2580 882 2616 erteilte
920 2579 1080 2625 Austrag
1115 2579 1205 2616 wird
1239 2580 1346 2615 meist
1370 2578 1533 2614 zweimal
1569 2577 1644 2614 und
1677 2587 1775 2614 zvar
1799 2576 1866 2629 mit

365 2638 561 2674 denselben
587 2639 743 2675 Worten
769 2639 982 2684 angefuhrt:
1009 2643 1133 2675 zuerst
1158 2650 1213 2675 wo
1239 2649 1280 2674 er
1306 2638 1441 2683 erteilt,
1467 2637 1565 2674 daun
1591 2648 1645 2673 wo
1671 2646 1714 2673 er
1738 2645 1867 2682 ausge—

365 2698 468 2733 fiihrt
494 2697 614 2733 wirdf‘
668 2698 900 2735 eonferenda
936 2703 993 2735 est
1026 2697 1203 2735 narrandi
1239 2698 1346 2742 ratio,
1382 2707 1490 2743 quam
1529 2697 1566 2732 in
1603 2695 1866 2764 antiquissimis

364 2757 510 2794 fabellis
536 2758 709 2793 usitatam
735 2757 915 2794 videmus:
941 2758 1073 2804 Papyr.
1101 2757 1281 2804 Westcar,
1308 2768 1342 2802 p.
1371 2758 1415 2792 35
1430 2767 1483 2802 sq.

1996 978 2002 986 .
1979 691 2002 952 .⁴.*n.-zu,2.·e·.·
