2002 3224
1536 0 1555 14 ι
1612 15 1615 18 ,
1635 0 1658 26 ,4
1670 0 1775 39 τιή-,ᾖσι

1708 39 1710 42 ,
1752 25 1777 46 n,-
1792 38 1794 40 .
1806 42 1817 48 ,

1685 66 1691 72 ·
1718 40 1850 120 ’ἰὲ“’“’ἲ·

1694 90 1705 96 -
1727 96 1737 113 ⁷
1775 131 1783 136 ,
1808 98 1846 133 ιγ.)
1864 85 1957 131 Ϊῖ*··

968 230 1262 273 ..54-

482 349 535 393 In
568 348 648 392 illa
679 347 860 397 fabella,
903 361 1003 404 qua,
1044 345 1263 404 quomodo
1295 346 1571 405 Scytharum
1611 361 1722 406 gens
1764 349 1870 392 orta

367 420 440 473 sit,
463 421 689 471 narratur,
722 417 859 460 trium
881 416 1074 459 fratrum
1096 418 1208 459 natu
1229 416 1437 461 minimus
1461 415 1640 462 domum
1659 416 1868 464 auferens

366 503 538 539 aurum,
570 486 687 546 quod
718 486 861 530 ardet.
894 501 971 528 rex
1005 486 1058 528 fit
1089 484 1364 542 Scytharum
1395 485 1493 541 (IV,
1525 487 1582 543 5).
1642 489 1783 546 atque
1819 485 1870 531 in

368 559 449 603 illa
492 557 676 611 fabella,
724 570 856 614 quam
896 555 1115 598 Graecam
1157 554 1415 599 Herodotus
1455 554 1614 611 tradit,
1659 554 1869 602 Herculis

368 629 505 672 trium
536 627 729 670 filiorum
760 629 871 669 natu
902 625 1122 679 minimus,
1166 624 1243 683 qui
1286 625 1431 683 patris
1475 623 1870 681 ascumintendit,

368 713 552 755 regnum
584 696 749 754 accipit
781 694 878 747 (IV,
913 695 996 751 10).
1059 694 1246 738 tertium
1288 686 1539 752 exemplum
1579 693 1662 739 illa
1700 693 1873 740 fabella

369 771 437 812 est
482 767 535 810 de
568 765 794 818 Perdicca,
838 763 1128 808 Macedonum
1175 779 1294 822 rege,
1339 767 1528 808 narrata
1572 763 1723 822 (VIII,
1755 765 1871 822 137).
1958 788 1998 825 εἶ

370 839 565 881 fratrum
604 835 811 879 minimus
851 838 976 888 natu,
1021 835 1098 893 qui
1129 834 1318 878 inferior
1348 833 1612 890 habebatur,
1654 834 1872 880 miraculo
1996 847 1998 850 ’

367 910 551 951 notatus
584 905 930 963 prudentissime
970 905 1134 963 arripit
1167 904 1453 959 occasionem,
1497 903 1790 950 Macedonum
1817 905 1873 950 fit

367 993 458 1020 rex.
521 976 695 1020 'Usener
723 990 953 1019 numerum
983 974 1205 1018 binarium
1249 974 1516 1032 originalem
1558 989 1654 1019 csse
1692 973 1872 1020 demon-

369 1050 514 1091 strare
546 1048 736 1089 conatur
768 1060 821 1088 ex
852 1044 958 1088 anni
989 1044 1278 1102 temporibus,
1325 1058 1440 1102 quae
1482 1046 1705 1090 aestatem
1733 1046 1873 1104 atque

367 1116 555 1160 hiemem
602 1115 740 1158 fuisse
784 1130 838 1158 ex
883 1114 1051 1158 fabulis
1094 1114 1393 1171 intellegatur
1434 1115 1493 1172 (p.
1523 1108 1636 1168 337,
1681 1113 1784 1159 adn.
1818 1115 1875 1170 1).

369 1200 601 1230 numerum
636 1185 885 1228 ternarium
917 1184 964 1227 in
995 1184 1214 1242 Aegypto
1236 1184 1426 1242 antiqua
1456 1184 1677 1229 usitatum
1697 1185 1875 1230 mature

371 1259 518 1300 ortum
551 1270 645 1298 esse
678 1254 875 1312 exponit.

486 1325 575 1368 Pro
608 1324 844 1381 exemplis,
892 1338 1006 1382 quae
1053 1339 1107 1367 ex
1139 1322 1319 1367 fabellis
1350 1324 1579 1368 variorum
1606 1324 1875 1383 populorum

370 1395 423 1439 de
453 1396 535 1439 hoc
568 1397 834 1451 argumento
865 1397 1052 1437 narrata
1095 1393 1271 1451 collegi,
1315 1394 1480 1438 afferre
1522 1394 1653 1439 iuvat
1682 1394 1875 1440 Useneri
1948 1399 1949 1402 ’

368 1467 517 1519 verba,
550 1465 627 1523 qui
658 1464 853 1522 plurima
884 1463 1087 1521 exempla
1118 1464 1254 1507 affert
1285 1463 1344 1522 (p.
1377 1465 1418 1518 8,
1450 1462 1552 1507 adn.
1584 1464 1692 1522 2)¹).

482 1535 527 1591 4)
557 1535 727 1578 Amor
757 1533 955 1577 mariti
987 1537 1157 1591 atque
1187 1534 1388 1577 uxoris
1419 1534 1646 1588 rarissime
1679 1533 1877 1579 fabellae

367 1605 652 1649 Herodoteae
684 1607 997 1662 argumentum
1029 1607 1110 1648 est.
1175 1620 1338 1650 novum
1383 1604 1557 1648 scilicet
1603 1603 1739 1649 debet
1781 1618 1877 1649 esse
1914 1599 1916 1601 '

371 1678 507 1733 atque
540 1674 792 1718 inauditum
824 1674 1013 1728 („st0ria
1043 1674 1250 1718 novella“
1269 1675 1309 1731 3),
1343 1690 1429 1733 quo
1461 1675 1507 1729 ii,
1550 1674 1625 1733 qui
1668 1673 1875 1730 audiunt,

374 1745 669 1789 delectentur.
732 1760 813 1802 pro
845 1759 995 1788 amore
1025 1744 1237 1788 habemus
1269 1745 1446 1788 fabulas
1493 1744 1548 1788 de
1589 1745 1702 1789 miro
1744 1743 1875 1789 modo

372 1830 458 1872 quo
510 1815 701 1871 tyranni
747 1830 908 1858 uxores
954 1817 1172 1858 tractant.
1244 1814 1495 1859 Candaules
1540 1813 1877 1873 pulchritudine

370 1885 521 1928 uxoris
554 1884 673 1928 solus
705 1884 796 1928 frui
827 1899 916 1928 non
947 1884 1049 1928 vult
1082 1885 1134 1940 (I,
1165 1885 1232 1942 8);
1267 1884 1514 1929 Periander
1545 1884 1771 1930 Melissam
1799 1900 1876 1930 ne·
1940 1942 1947 1945 „

373 1955 496 1998 cavit
528 1958 665 2012 atque
706 1970 803 1998 cum
847 1958 1025 1998 mortua
1068 1956 1320 1999 concumbit
1360 1954 1432 2011 (V,
1465 1955 1559 2012 92);
1606 1955 1876 2000 Pisistratus
1927 1955 1934 1959 ’

371 2028 527 2068 contra
559 2039 691 2082 quam
722 2025 793 2068 fas
826 2028 893 2068 est
925 2025 1077 2068 uxoris
1118 2040 1267 2069 amore
1309 2025 1480 2069 fruitur
1519 2026 1573 2082 (I,
1604 2025 1699 2083 61);
1746 2024 1878 2070 Cam·

373 2095 507 2151 byses
560 2110 754 2138 sororem
805 2099 942 2152 atque
987 2110 1171 2138 uxorem
1217 2095 1452 2152 gravidam
1502 2094 1689 2153 pedibus
1739 2094 1903 2140 ictam'

372 2164 589 2207 interficit
621 2164 727 2219 (III,
760 2164 845 2220 32).

488 2233 607 2277 Aliis
638 2233 820 2277 fabellis
850 2237 1065 2278 narratur
1105 2234 1159 2278 de
1199 2235 1375 2287 marito,
1420 2235 1498 2293 qui
1543 2234 1597 2279 de
1641 2234 1878 2280 mulierum

373 2306 509 2360 atque
553 2303 705 2346 uxoris
751 2302 975 2347 adulterio
1020 2304 1187 2347 certior
1231 2304 1284 2347 fit
1327 2304 1406 2361 (II,
1442 2303 1600 2361 lll)’).
1675 2303 1778 2350 aliis
1820 2303 1876 2349 de

496 2459 530 2501 l)
559 2457 648 2501 „Die
675 2460 695 2491 2
722 2458 863 2493 alten-en
884 2457 1026 2494 Briider
1051 2458 1193 2504 pflegen
1221 2459 1300 2494 hier
1325 2459 1379 2494 als
1397 2457 1647 2504 gewohnliche
1665 2457 1875 2508 Menschen,

371 2515 425 2550 als
444 2515 714 2562 selbstsnchtig,
734 2517 825 2552 auch
846 2517 939 2552 wohl
960 2518 1030 2553 voll
1045 2518 1406 2563 Selbstuberhebung
1423 2517 1640 2562 dargesteut
1657 2528 1702 2553 zu
1716 2517 1874 2561 werden,

371 2573 436 2610 der
461 2575 573 2610 dritte
599 2587 688 2620 gern
725 2576 779 2612 als
808 2577 1026 2622 Dsunmling,
1062 2576 1280 2622 ungewandt
1318 2577 1391 2612 und
1429 2576 1750 2621 weltunerfahren,
1783 2576 1874 2615 aber

371 2634 637 2670 rechtschaffen
663 2635 738 2671 und
763 2637 989 2681 treuherzig,
1025 2637 1096 2672 voll
1123 2637 1346 2672 Erbarmens
1381 2635 1455 2672 und
1482 2637 1749 2672 menschlichen
1775 2634 1874 2672 Ruh-

372 2703 465 2734 rens,
494 2693 607 2729 daher
634 2706 712 2730 vom
739 2695 856 2730 Gliick
884 2696 1094 2741 begunstigt
1126 2695 1214 2731 oder
1251 2702 1359 2731 unter
1396 2696 1572 2741 gottliche
1607 2695 1783 2741 Fiibrung
1814 2705 1873 2741 ge-

372 2762 547 2787 nommen.
600 2754 641 2788 In
668 2754 734 2790 das
759 2755 962 2790 Weibliche
988 2755 1036 2790 ist
1062 2754 1121 2790 die
1147 2755 1240 2800 Sage
1267 2755 1490 2800 umgebildet
1518 2755 1555 2790 in
1580 2754 1662 2791 dcm
1687 2755 1771 2791 weit
1794 2756 1872 2791 τοτὲ

371 2810 551 2847 breiteten
578 2812 651 2847 und
678 2814 746 2848 viel
772 2814 970 2850 variierten
995 2815 1171 2850 Marchen
1198 2826 1266 2850 von
1293 2813 1602 2850 Aschenbrodel“.

492 2874 530 2914 2)
557 2871 602 2906 cf.
630 2871 742 2917 Hutb,
769 2873 944 2909 Zeitschr.
972 2873 998 2908 f.
1026 2874 1136 2919 vergl.
1163 2873 1399 2922 Litt.-Gesch.
1426 2885 1461 2919 p.
1492 2875 1574 2908 179:
1621 2873 1719 2919 „Der
1743 2872 1873 2910 Orient
1901 2907 1904 2910 Δ
