2060 3250
992 236 1282 280 -18—

380 351 615 409 quicquam
667 349 934 394 remanserit
984 365 1072 393 non
1122 354 1357 407 narratam-3
1412 351 1577 395 suffieit
1626 350 1674 395 id
1725 364 1881 396 unum:
1935 343 1946 353 ⁴

381 421 539 477 Gyges
582 423 769 478 paratus
817 422 899 463 est.
962 419 1122 464 deinde
1154 420 1313 479 Gyges
1356 421 1403 465 in
1445 421 1699 466 cubiculum
1738 420 1882 466 intro·

379 490 540 534 ductus
571 490 773 547 reginam
817 492 1006 547 spectat,
1051 490 1211 534 furtim
1252 491 1497 548 egreditur.
1542 490 1882 549 ¹quid-sentiat,

380 576 477 604 cum
521 562 695 618 spectet
743 559 957 617 reginam,
1009 559 1126 603 sitne
1159 560 1201 604 ei
1243 560 1338 604 visa
1380 559 1693 619 pulcherrima,
1738 575 1795 606 ne
1834 557 1886 606 id

380 629 558 688 quidem
589 633 815 674 narratur.
879 629 1025 673 omnia
1059 630 1221 674 omissa
1253 632 1372 685 sunt,
1417 630 1578 689 quibus
1608 629 1765 676 fabula
1794 643 1885 676 non

379 699 682 758 progreditur,
730 699 775 742 id
811 699 960 749 ,solum
1006 702 1232 754 narratur,
1277 715 1364 758 quo
1404 705 1638 757 περιπέτειαι
1668 700 1883 745 efficitur:

380 769 537 826 Gyges
570 768 804 826 egrediens
833 784 859 812 a
883 769 1039 826 regina
1071 769 1358 827 conspicitur.
1419 771 1601 827 postero
1633 768 1707 814 die
1726 768 1886 828 Gyges

378 838 436 882 ad
467 839 669 895 reginam
708 841 910 882 vocatur.
973 838 1265 896 paeniteatne
1305 855 1405 883 eum
1443 838 1570 893 facti,
1614 853 1673 883 an
1711 840 1788 884 eat
1818 852 1885 884 se·

379 923 523 961 curus,
555 923 635 952 nos
668 908 943 966 quaerimus;
977 908 1236 952 Herodotus
1268 912 1449 953 narrat:
1483 910 1506 952 ὃ
1528 910 1573 952 δὲ
1593 907 1708 953 οὐδὲν
1729 909 1885 953 δοκέων

379 977 503 1036 αὐτὴν
545 986 620 1021 τῶν
665 981 935 1036 πρηχθέντων
983 978 1230 1022 ἐπίστασθαι
1273 979 1384 1037 ἦλθε
1428 981 1703 1036 καλεόμενος·
1750 977 1884 1023 ἐώθει

379 1052 458 1105 γὰρ
490 1051 561 1092 καὶ
594 1051 769 1105 πρόσθε,
796 1047 907 1097 ὅπως
928 1047 954 1106 ἡ
978 1050 1165 1104 βασίλεια
1187 1051 1344 1100 καλέοι,
1376 1057 1516 1109 φοιτᾶν
1538 1050 1591 1106 (0.
1615 1047 1699 1105 11).
1725 1039 1886 1093 'etiam

377 1118 486 1162 haec
517 1119 655 1162 verba
686 1118 892 1162 consult-o
937 1117 1059 1161 dicta
1104 1121 1222 1161 sunt.
1285 1119 1323 1161 si
1354 1117 1612 1162 Herodotus
1651 1117 1763 1163 haec
1791 1132 1883 1162 non

377 1187 639 1242 addidisset,
671 1203 830 1241 nonne,
863 1202 941 1230 eur
972 1187 1130 1244 Gyges
1160 1188 1318 1245 culpae
1349 1187 1435 1231 sibi
1465 1188 1666 1232 conscius
1695 1202 1877 1233 securus

378 1257 436 1302 ad
469 1258 670 1314 reginam
705 1256 915 1300 accedere
953 1260 1116 1314 posset,
1162 1257 1577 1314 interrogaremus?
1636 1257 1887 1303 necessaria

378 1328 524 1384 igitur
567 1330 672 1371 sunt
722 1342 812 1370 non
856 1326 998 1370 solum
1041 1327 1099 1370 ad
1131 1327 1279 1385 Gygis
1322 1327 1519 1371 animum
1561 1326 1905 1386 explicandums

379 1397 456 1441 sed
487 1397 638 1451 etiam,
672 1400 724 1441 ut
755 1397 912 1440 fabula
935 1397 1031 1441 veri
1061 1397 1219 1441 similis
1251 1397 1324 1441 sit.
1387 1397 1555 1452 eadem,
1587 1411 1721 1454 quam
1749 1399 1888 1443 antea

378 1467 660 1525 exposuimus
701 1467 892 1521 ratione,
936 1482 1035 1510 cum
1075 1468 1233 1525 regina
1276 1471 1358 1511 aut
1389 1467 1516 1525 Gygi
1552 1469 1634 1511 aut
1665 1465 1888 1512 Candauli

377 1537 654 1580 moriendum
685 1552 780 1580 esse
803 1536 984 1591 dixerit,
1019 1552 1073 1580 ex
1095 1537 1245 1595 Gygis
1267 1537 1404 1581 animi
1424 1537 1620 1581 motibus
1651 1537 1885 1595 eliguntur

378 1607 445 1650 hi:
479 1612 580 1656 τέως
611 1610 683 1664 μὲν
716 1607 970 1664 ἀπεθώμαζε
1002 1609 1053 1649 τὰ
1084 1609 1300 1664 λεγόμενα,
1333 1610 1436 1664 μετὰ
1467 1607 1511 1650 δὲ
1542 1605 1699 1651 ἱκέτευε
1729 1611 1787 1665 μή
1819 1622 1884 1665 μιν

378 1677 586 1734 ἀναγκαίῃ
619 1676 765 1719 ἐνδέειν
808 1677 1011 1732 διακρῖναι
1049 1679 1237 1735 τοιαὺτην
1279 1676 1433 1733 αἵρεσιν
1465 1679 1516 1732 (0.
1553 1677 1637 1734 11).
1698 1679 1804 1720 sunt
1835 1675 1882 1732 11,

377 1746 466 1804 qui,
516 1749 568 1789 ut
615 1746 682 1789 ita
725 1745 883 1800 dicam,
932 1746 1006 1790 vel
1050 1747 1096 1790 in
1140 1747 1234 1791 eius
1280 1762 1356 1791 ore
1399 1747 1597 1804 spectari
1626 1746 1701 1791 vel
1744 1746 1884 1791 oculis

376 1819 564 1874 possunt
586 1815 793 1874 perspici.
856 1815 969 1858 1111111
991 1816 1246 1874 accipimus,
1280 1832 1367 1875 quo
1399 1817 1547 1860 animo
1581 1817 1642 1860 sit
1673 1830 1782 1875 erga
1813 1819 1882 1860 re'·

375 1886 541 1942 ginam,
588 1885 779 1939 minime,
829 1901 916 1943 quo
963 1885 1110 1930 animo
1159 1901 1268 1943 erga
1311 1885 1599 1941 Candaulem,
1653 1885 1703 1930 id
1745 1900 1883 1930 unum

376 1955 579 2000 audimus
612 1971 712 1999 eum
743 1958 947 1999 eoactum
977 1970 1184 2000 recusare
1214 1971 1304 1999 non
1335 1956 1548 2013 potuisse.

493 2026 562 2069 De
594 2026 751 2083 regina
782 2025 849 2068 nil
880 2026 994 2069 certi
1037 2026 1278 2084 accipimus
1321 2026 1466 2084 prima
1496 2024 1694 2070 fabellae
1735 2026 1882 2084 parte,

376 2096 463 2138 nisi
494 2095 612 2153 quod
637 2095 937 2152 pulcherrima
958 2098 1163 2152 putatur,
1196 2096 1311 2139 nihil
1341 2095 1397 2139 de
1428 2096 1522 2139 eius
1543 2094 1705 2150 animo,
1737 2094 1884 2140 tac-ita

377 2165 517 2218 venit,
562 2165 707 2208 tacita
749 2165 877 2208 exuit
922 2167 1105 2209 vestem.
1170 2165 1248 2209 sed
1277 2166 1355 2209 ubi
1386 2165 1484 2223 ipsa
1515 2165 1628 2222 agit,
1672 2164 1752 2209 ubi
1780 2166 1883 2210 tota

376 2235 532 2278 fabula
564 2236 619 2278 ab
651 2249 703 2278 ea
735 2238 954 2289 movetur,
988 2234 1082 2278 eius
1122 2235 1260 2278 animi
1291 2235 1482 2279 affectus
1523 2235 1778 2279 afferuntur
1806 2249 1883 2279 110-

377 2305 559 2348 cessarii
589 2305 648 2348 ad
678 2320 748 2348 res
770 2305 951 2348 futuras
983 2305 1284 2363 explicandas.
1347 2304 1634 2359 brevissimis,
1682 2302 1761 2348 sed
1790 2303 1881 2349 010-

377 2375 564 2418 rissimis
586 2375 736 2419 verbis
767 2390 838 2418 res
862 2375 1011 2418 subito
1034 2375 1317 2418 illustratur:
1351 2377 1549 2432 μαθοῦσα
1573 2375 1618 2417 δὲ
1637 2376 1683 2418 τὸ
1704 2376 1881 2432 ποιηθὲν

377 2445 426 2487 ἐκ
457 2451 526 2487 τοῦ
558 2444 706 2501 ἀνδρὸς
750 2443 842 2488 οὔτε
884 2444 1062 2500 ἀνέβωσε
1107 2444 1382 2503 αἰσχυνθεῖσα
1423 2443 1515 2487 οὔτε
1555 2445 1671 2493 ἔδοξε
1714 2446 1881 2502 μαθεῖν,

376 2514 417 2556 ἐν
449 2519 528 2570 νόῳ
561 2515 717 2572 ἔχουσα
757 2518 967 2557 τεὶσεσθαι
997 2518 1063 2558 τὸν
1095 2515 1346 2558 Κανδαὺλεσ.
1377 2514 1428 2571 (0.
1456 2515 1540 2571 10).
1601 2516 1881 2572 quantopere

375 2584 588 2641 pudorem
611 2585 781 2628 laesum
802 2599 896 2628 esse
919 2585 1123 2639 senserit,
1147 2585 1365 2643 quomodo
1387 2585 1542 2628 mariti
1563 2599 1688 2628 amor
1707 2586 1882 2642 pugnet

377 2650 474 2695 cum
505 2654 748 2697 ulciscendi
792 2654 955 2708 studio,
1000 2670 1087 2712 quo
1128 2655 1275 2698 animo
1306 2655 1354 2698 in
1385 2655 1566 2712 Gygem
1597 2654 1671 2707 sit,
1714 2668 1802 2712 quo
1832 2653 1882 2698 in

376 2723 600 2777 malitum,
645 2739 734 2767 non
776 2727 1011 2780 narratur,
1057 2728 1159 2769 tota
1202 2725 1391 2783 impleta
1434 2739 1529 2769 esse
1568 2723 1752 2768 videtur
1787 2736 1882 2803 um

376 2791 618 2836 ulciscendi
649 2793 847 2837 libidine.
1791 2811 1794 2813 ’
