2060 3250
954 238 1244 283 -12-

789 355 834 411 d)
866 354 1012 413 apud
1033 354 1416 400 Plutarchum

852 425 1055 480 (Quaest.
1088 423 1248 469 Graec.
1279 426 1354 481 45)

470 494 723 540 Candaules
755 494 1026 552 dedignatus
1058 493 1247 538 securim
1277 493 1500 557 quandam
1531 493 1609 538 uni
1640 507 1695 538 ex
1726 477 1855 539 sod!-
1877 478 1886 484 ν

352 566 468 609 libus
500 565 581 609 dat
611 564 866 623 gerendam
929 565 1102 621 Gyges,
1144 563 1215 607 eui
1246 563 1497 608 auxiliatur
1525 561 1716 618 Arselis,
1756 561 1867 620 My·¹
1904 558 1909 563 ’

353 635 593 679 Iasensium
640 635 859 693 princeps,
908 633 1061 678 deficit
1092 647 1119 677 a
1156 648 1275 691 rege,
1322 633 1401 691 qui
1442 648 1540 677 cum
1585 631 1732 678 sodali
1775 645 1856 677 uuo

352 709 554 749 necatur.
617 705 782 748 securis
813 704 860 747 in
891 703 1070 748 Cariam
1101 719 1200 747 cum
1231 702 1334 747 aliis
1366 702 1523 761 spoliis
1563 701 1855 747 transfertur.

470 775 509 817 H
516 790 593 818 aec·
615 774 771 818 fabula
793 773 1062 831 aetiologice
1083 772 1379 831 interpretari
1399 775 1602 827 conatur,
1633 786 1714 816 cur
1733 769 1859 818 Iovis

355 848 511 888 statua
543 844 705 888 Carica
735 859 824 887 non
857 847 1035 902 sceptro
1067 842 1139 888 vel
1171 843 1374 897 fulmine,
1416 841 1494 887 sed
1522 841 1669 887 securi
1697 833 1860 888 ornata

355 915 428 959 sit.
490 930 578 958 non
611 917 681 958 est
711 914 895 968 fabella,
929 913 1009 958 sed
1038 913 1244 958 historia.
1285 911 1465 971 'Gyges
1496 927 1524 956 a
1553 926 1662 971 rege
1690 909 1857 967 deficit,

353 984 542 1039 Arselis,
575 985 782 1043 princeps
803 981 1000 1042 quidam,
1032 999 1131 1028 eum
1153 982 1354 1038 adiuvat,
1387 998 1468 1028 rex
1487 996 1693 1041 pugnans
1717 980 1859 1027 inter·

354 1055 527 1099 ficitur:
562 1054 671 1099 haec
703 1054 883 1098 minime
904 1053 1172 1098 fabellarum
1193 1052 1409 1098 narrandi
1438 1052 1608 1097 rationi
1637 1050 1860 1111 adaptata

354 1129 472 1170 sunt.

474 1266 529 1308 ln
559 1265 629 1308 his
661 1268 880 1323 quattuor
920 1264 1058 1309 variis
1102 1262 1298 1308 eiusdem
1329 1262 1511 1307 fabulae
1540 1261 1711 1317 formis,
1753 1258 1863 1320 quid

356 1335 452 1379 veri
494 1334 616 1389 insit,
666 1334 861 1378 fortasse
902 1333 1170 1391 intellegere
1212 1339 1456 1391 possumus.
1530 1345 1704 1390 semper
1735 1329 1863 1376 enim

355 1405 494 1448 etiam
524 1404 572 1447 in
603 1404 769 1448 fabulis
814 1403 1105 1462 popularibus
1136 1402 1479 1447 fundamentum
1520 1400 1744 1460 quoddam
1772 1399 1861 1445 ori-

356 1475 475 1532 ginis
506 1475 689 1519 sabulae
721 1475 840 1519 inest
872 1477 919 1518 et
950 1473 1221 1532 comparatis
1247 1473 1387 1518 variis
1418 1471 1574 1517 formis
1604 1468 1865 1530 recuperari

359 1547 526 1603 potest.
590 1544 791 1588 omnibus
820 1545 937 1588 enim
957 1546 1177 1602 quattuor
1197 1542 1364 1587 fabulis
1394 1541 1479 1586 hoc
1508 1540 1862 1587 demonstratur:

358 1615 518 1673 Gyges
551 1614 794 1659 interfecto
825 1613 1055 1658 Candaule
1076 1612 1311 1671 Lydorum
1341 1612 1490 1656 factus
1522 1613 1592 1656 est
1622 1625 1714 1655 rex,
1775 1622 1865 1669 qua

358 1701 406 1729 re
430 1688 568 1743 atque
589 1699 677 1742 qua
700 1684 878 1727 ratione
899 1698 1051 1741 regem
1072 1682 1367 1736 interfecerit,
1401 1695 1615 1740 quaerere
1640 1679 1862 1725 debemus.

482 1754 661 1799 Nicolai
681 1754 882 1798 fabulam
902 1769 993 1797 non
1012 1753 1158 1797 minus
1189 1767 1322 1811 quam
1343 1751 1551 1796 Platonis
1582 1753 1630 1795 et
1640 1747 1866 1794 Herodoti

360 1840 459 1868 eum
490 1824 593 1868 aliis
625 1824 917 1882 argumentis,
959 1826 1056 1867 tum
1087 1822 1207 1882 quod
1247 1837 1318 1866 res
1358 1821 1538 1865 minime
1569 1820 1667 1865 veri
1697 1818 1865 1864 similes

359 1897 574 1938 narratae
605 1897 723 1948 sunt,
756 1894 949 1938 fabellas
981 1908 1076 1937 esse
1106 1893 1408 1950 cognovimus,
1446 1891 1606 1950 quibus
1637 1905 1728 1934 non
1757 1886 1867 1948 quid

359 1965 531 2008 factum
577 1964 651 2018 sit,
705 1963 782 2007 sed
826 1963 1045 2021 quomodo
1095 1962 1375 2006 fabulatores
1421 1959 1718 2019 interpretati
1758 1959 1864 2014 sint,

361 2034 479 2092 quod
510 2035 682 2077 factum
722 2037 835 2087 erat,
877 2035 1104 2077 narratur.
1166 2032 1221 2076 de
1253 2031 1490 2076 Platonica
1527 2029 1700 2074 fabella
1737 2042 1867 2074 nemo

363 2107 431 2147 est
464 2103 541 2162 qui
573 2103 766 2147 dubitet.
827 2102 881 2147 de
913 2102 1102 2146 Nicolao
1134 2102 1244 2146 haec
1275 2100 1414 2145 addo:
1445 2115 1551 2144 num
1575 2099 1759 2157 Gygem
1779 2110 1866 2144 an·

364 2173 471 2217 cilla
514 2173 700 2217 iuvante
748 2188 899 2230 regem
943 2171 1225 2216 interfecisse
1255 2170 1354 2214 veri
1384 2169 1528 2214 simile
1559 2167 1661 2213 est?
1718 2181 1868 2212 nonne

362 2246 709 2286 consentaneum
741 2245 840 2286 erat
871 2257 971 2285 eum
1001 2244 1203 2285 metuere
1235 2243 1282 2284 et
1314 2239 1498 2296 reginae
1527 2238 1678 2282 odium
1707 2239 1755 2283 et
1785 2237 1865 2282 im-

364 2315 517 2370 petum
549 2327 714 2366 eorum,
758 2312 835 2370 qui
878 2327 975 2355 cum
1019 2325 1125 2368 rege
1170 2308 1378 2354 starent?
1437 2307 1558 2366 apud
1586 2305 1867 2351 Herodotum

363 2398 452 2426 non
494 2382 636 2425 solum
679 2382 840 2425 mirum
870 2381 914 2425 in
947 2380 1125 2424 modum
1167 2379 1351 2438 reginae
1393 2376 1636 2422 ulciscendi
1667 2375 1866 2421 studium

365 2467 464 2495 mov
469 2455 583 2506 etur,
629 2451 706 2495 sed
737 2453 875 2496 etiam
906 2451 1088 2509 Gygem
1120 2450 1262 2494 solum
1293 2463 1321 2492 a
1351 2448 1508 2506 regina
1539 2446 1779 2505 impulsum
1808 2445 1867 2491 ad

364 2537 551 2579 regnum
597 2522 834 2579 pervenire
876 2521 1078 2579 potuisse
1123 2519 1220 2564 veri
1265 2517 1480 2562 dissimile
1526 2519 1608 2561 est.
1685 2515 1867 2574 Gygam

367 2590 596 2635 Candaule
628 2594 788 2635 necato
829 2606 981 2648 regem
1020 2591 1192 2634 factum
1233 2603 1328 2633 esse
1370 2587 1558 2631 iuvante
1589 2586 1748 2644 regina
1777 2599 1868 2631 non

365 2660 418 2703 fit
433 2660 536 2704 'veri
569 2660 724 2712 simile,
757 2660 845 2704 nisi
876 2663 1060 2718 poterat
1091 2659 1179 2703 niti
1209 2657 1441 2711 militibus,
1475 2656 1552 2714 qui
1573 2655 1614 2699 ei
1634 2655 1866 2701 favebant.

364 2729 447 2773 hoc
490 2729 610 2787 apud
650 2729 943 2774 Plutarchum
987 2729 1207 2774 refertur:
1265 2727 1297 2771 Γ
1298 2729 1401 2785 ὑγης
1453 2726 1635 2775 ἀποστὰς
1676 2725 1868 2784 ἐπολέμει

365 2802 468 2855 πρὸς
500 2798 632 2842 αὐτόν.
696 2799 784 2842 iam
815 2799 898 2843 hac
919 2814 968 2843 re
990 2798 1306 2856 comprobatur
1336 2797 1381 2853 a)
1411 2795 1594 2853 Gygem
1614 2809 1704 2838 non
1725 2794 1868 2839 solum

366 2883 393 2912 a
426 2884 531 2926 rege
562 2867 789 2922 defecisse,
832 2868 909 2912 sed
938 2869 1107 2912 fretum
1137 2866 1369 2919 militibus,
1416 2865 1462 2922 b)
1494 2864 1675 2922 Gygem
1702 2877 1869 2922 magna
