2060 3250
988 222 1277 266 —24—

385 338 596 392 ostendit,
630 338 706 382 sed
738 337 846 396 quid
867 338 960 396 ipse
983 338 1153 382 sentiat
1175 338 1362 383 omittit.
1424 338 1556 383 credo
1587 338 1687 394 tibi,
1718 337 1882 398 inquit,

386 413 431 453 et
465 424 541 453 oro
573 412 632 462 te,
678 423 732 452 ne
773 407 885 451 hanc
928 407 1137 451 iniuriam
1169 422 1238 453 me
1268 409 1549 453 committere
1579 409 1746 454 iubeas.
1807 406 1887 454 aad

385 479 597 523 affectum
619 477 767 535 Gygis
800 477 962 521 timore
995 477 1250 534 perturbati
1280 477 1367 521 nisi
1397 493 1452 523 ex
1485 477 1707 524 Herodoti
1736 477 1886 524 verbio

385 564 474 592 non
517 548 834 605 cognoscimus.
897 561 1163 605 quamquam
1207 547 1352 604 igitur
1393 547 1531 592 timor
1571 547 1753 593 maioris
1795 562 1887 593 mo·-

385 618 524 662 menti
557 621 626 662 est
657 618 747 675 (qui
782 616 901 660 solus
934 631 961 660 a
993 632 1098 674 rege
1120 617 1377 675 respicitur)
1405 631 1538 675 quam
1569 617 1743 663 alterae
1772 616 1888 664 duwe
1976 624 1978 628 ’

388 688 598 741 rationes,
644 691 795 731 tamen
839 686 990 744 Gygis
1033 686 1181 731 verbis
1224 702 1313 730 non
1355 686 1636 745 exprimitur.
1697 685 1889 747 denique

390 774 443 802 ex
476 757 658 814 reginae
681 757 972 810 orationibus,
1005 756 1104 814 quis
1131 759 1201 800 est
1222 756 1300 815 qui
1321 759 1576 814 cognoscat,
1608 758 1890 816 quantopere

389 827 564 871 violata
613 827 685 879 sit,
743 841 875 884 quam
922 841 1058 884 aegre
1103 826 1225 870 ferat
1274 826 1484 870 iniuriam
1528 826 1707 871 mulieri
1750 828 1891 886 atque

390 897 518 941 uxori
557 896 779 940 allatam?
840 911 964 940 suam
995 896 1280 941 voluntatem
1321 896 1454 941 claris
1492 897 1642 942 verbis
1681 896 1890 956 exponit:

390 971 470 1012 aut
502 983 653 1025 regem
685 966 834 1011 occide
866 970 947 1011 aut
979 966 1073 1025 ipse
1106 981 1290 1023 morere,
1332 981 1388 1011 ne
1428 982 1515 1011 uno
1546 966 1726 1025 quidem
1755 967 1891 1012 verbo

391 1040 669 1096 quantopere
720 1040 843 1080 mota
889 1037 950 1080 sit
997 1036 1236 1094 significat.
1312 1035 1429 1080 idem
1479 1036 1602 1081 cadit
1646 1037 1695 1081 in
1739 1036 1892 1095 Gygis

308 1114 317 1123 ·
391 1107 640 1151 orationem
671 1106 920 1165 (quintam).
984 1122 1030 1151 se
1070 1107 1262 1150 invitum
1302 1109 1566 1150 necaturum
1605 1121 1701 1151 esse
1739 1121 1892 1165 regem

392 1177 487 1235 ipse
519 1177 642 1230 dicit,
688 1176 765 1220 sed
796 1180 965 1235 quanto
999 1176 1153 1220 dolore
1184 1177 1374 1220 affectus
1407 1176 1479 1230 sit,
1525 1191 1659 1235 quam
1687 1175 1894 1235 graviter
1984 1196 1987 1198 ¹

391 1247 513 1290 ferat
555 1247 870 1290 necessitatem
914 1246 1102 1304 pietatis
1146 1244 1403 1300 laedendae⁷
1456 1261 1510 1290 ex
1550 1245 1702 1305 Gygis
1743 1246 1894 1291 verbis

392 1332 480 1360 non
511 1317 828 1374 cognoscimus.

534 1711 574 1752 4.
638 1708 720 1751 DE
754 1707 1088 1751 FABELLAE
1119 1707 1511 1752 ARGVMENTO
1543 1706 1755 1762 ATQVE

954 1777 1338 1821 STRVCTVRA.

514 1871 771 1914 Herodotus
802 1871 885 1915 hac
924 1870 1108 1925 fabella,
1151 1870 1369 1929 quomodo
1400 1869 1759 1914 Mermnadarum
1788 1884 1899 1928 gens
1984 1867 1989 1870 ⁴

398 1940 652 1984 Heraclidis
697 1941 960 1985 successerit
1001 1955 1053 1985 80
1094 1940 1330 1998 Lydorum
1370 1955 1558 1997 regnum
1598 1939 1898 1998 occupaverit,

397 2016 571 2055 narrat.
634 2011 710 2055 sed
749 2011 1019 2055 domesticae
1059 2012 1210 2069 potius
1251 2009 1499 2055 discordiae
1539 2024 1673 2068 quam
1710 2024 1782 2055 res
1821 2024 1901 2068 pu·

399 2081 511 2124 blice
533 2084 690 2138 gestae
712 2084 968 2124 narrantur.
1031 2081 1284 2124 Candaules
1314 2096 1403 2124 11011
1434 2083 1529 2124 tam
1558 2079 1793 2136 Lydorum
1819 2093 1901 2124 rex

400 2154 468 2195 est
500 2166 633 2209 quam
663 2151 865 2205 maritus,
899 2151 1058 2209 Gyges
1086 2151 1240 2194 mariti
1261 2150 1512 2204 familiaris,
1545 2165 1659 2194 uxor
1687 2164 1777 2194 non
1805 2151 1902 2193 tam

400 2221 559 2278 regina
590 2235 723 2279 quam
762 2221 934 2275 mulier,
977 2221 1102 2264 cuius
1134 2220 1277 2278 pudor
1307 2235 1335 2264 8
1364 2220 1528 2264 marito
1560 2219 1743 2278 eiusque
1772 2218 1902 2264 fami·

400 2291 501 2334 liari
534 2290 745 2334 laeditur.
806 2291 967 2348 quibus
998 2292 1129 2334 rebus
1161 2306 1215 2334 ex
1246 2290 1439 2334 historia
1461 2290 1586 2334 facta
1617 2292 1687 2333 est
1716 2288 1900 2334 fabella.

401 2360 643 2414 videan1uS‚
700 2360 918 2418 quomodo
961 2361 1157 2404 fabellae
1199 2363 1514 2418 argumentum
1551 2359 1612 2403 sit
1652 2360 1901 2403 narratum.

402 2434 536 2488 poeta
567 2446 646 2474 nos
678 2446 767 2474 non
798 2430 923 2474 ducit
955 2430 1145 2475 mediam
1176 2431 1223 2474 in
1253 2446 1359 2485 rem,
1401 2429 1479 2474 sed
1509 2444 1624 2488 quae
1653 2429 1779 2474 facta
1809 2428 1903 2475 sint

402 2504 507 2544 ante
540 2501 681 2558 ipsam
719 2501 931 2544 fabellam
951 2497 953 2499 ’
972 2501 1162 2559 primum
1205 2501 1406 2544 breviter
1448 2499 1646 2558 exponit.
1706 2498 1805 2557 ipsa
1833 2497 1903 2542 fa-

404 2570 522 2613 bella
555 2570 731 2614 orditur
762 2585 789 2614 a
820 2571 969 2628 Gygis
1006 2571 1229 2629 colloquio
1270 2585 1369 2614 cum
1410 2585 1517 2627 rege
1556 2569 1748 2612 habito..
1787 2581 1902 2626 quae

403 2640 688 2693 antecedunt,
733 2641 948 2698 prooemii
988 2641 1062 2684 vel
1111 2640 1289 2699 prologi
1333 2640 1474 2683 vicem
1515 2640 1694 2696 gerunt.
1755 2637 1901 2696 prius·

404 2725 535 2766 quam
567 2710 836 2768 colloquium
868 2710 1102 2765 habeatur,
1136 2709 1448 2767 comperimus:
1495 2707 1762 2762 Candaules,
1793 2706 1903 2753 ulti·

405 2795 499 2822 mus
532 2780 883 2834 Hemelidamm,
928 2784 1050 2824 amat
1087 2795 1284 2834 uxorem,
1327 2793 1460 2837 quam
1490 2781 1626 2836 putat
1656 2774 1913 2835 pulcherri·²

404 2863 519 2892 mam
562 2864 657 2893 esse
700 2850 950 2894 mulierum.
1013 2851 1153 2908 Gygi,
1198 2849 1410 2894 comitum
1441 2847 1744 2898 dilectissimo,
1787 2846 1904 2892 Can-
