2060 3250
991 222 1280 266 ..20-

387 339 567 394 adsunt,
600 338 647 383 id
678 353 731 383 ea
761 354 809 382 re
841 337 1256 417 explicatu1,quia
1287 337 1406 382 servi
1437 339 1556 392 sunt,
1588 337 1667 396 qui
1694 335 1763 422 nil
1792 343 1890 384 se‘m-

387 410 527 460 tiunt
560 409 625 454 nil
656 411 813 467 agunt,
845 407 930 451 nisi
963 406 1186 451 domina
1173 407 1230 451 iis
1260 407 1423 451 utitur.

507 480 617 524 Cum
659 479 742 522 hoc
782 478 892 532 loco,
937 479 1216 535 quantopere
1246 476 1463 520 differant
1493 477 1613 522 servi
1643 491 1672 522 a
1701 476 1906 524 dominis*
1983 486 1986 488 ’
2054 462 2060 469 ³

388 550 632 603 videamus,
679 549 799 607 ipsas
842 547 1037 591 fabellae
1082 561 1296 605 personas
1339 546 1461 591 inter
1503 562 1549 591 se
1587 562 1678 592 non
1707 546 1894 595 differre

389 619 613 665 videmus:
645 634 724 663 rex
747 621 793 662 et
816 618 974 675 Gyges
997 619 1043 660 et
1067 617 1224 674 regina
1245 615 1400 660 eodem
1421 615 1551 661 modo
1573 616 1895 677 colloquuntur

390 692 528 748 atque
559 689 808 747 loquuntur
838 691 1068 745 tamquam
1099 686 1191 730 sint
1223 685 1400 731 Graeci.

592 1054 631 1097 3.
684 1052 767 1096 DE
799 1051 1224 1096 PERSONARUM
1257 1049 1695 1095 ORATIONIBUS.

508 1147 606 1190 Iam
629 1146 824 1190 fabellae
846 1145 1036 1203 speciem
1057 1148 1195 1202 atque
1216 1145 1407 1188 formam
1429 1146 1636 1202 spectans
1656 1143 1897 1189 maximam

392 1220 569 1275 partem
615 1231 908 1274 personarum
963 1214 1241 1258 orationibus
1297 1213 1524 1271 expletam
1568 1228 1663 1258 esse
1707 1211 1894 1259 videbis.

393 1286 634 1339 orationes,
678 1300 791 1343 quae
835 1284 1076 1342 plurimum
1111 1283 1266 1328 valent
1312 1283 1360 1326 in
1402 1282 1582 1327 fabellis
1612 1281 1896 1338 Herodoteis,

393 1371 557 1414 magna
608 1359 707 1400 arte
759 1354 1031 1413 compositae
1082 1357 1200 1398 sunt.
1276 1353 1401 1397 cuius
1447 1354 1562 1397 artis
1609 1366 1779 1398 summa
1821 1350 1899 1398 lex

395 1427 664 1484 symmetria
695 1428 776 1470 est.
838 1425 981 1483 primo
1014 1424 1112 1468 loco
1143 1423 1376 1468 universas
1407 1422 1539 1467 huius
1570 1422 1768 1469 fabellae
1796 1434 1898 1468 ora-

392 1497 540 1541 tiones
589 1498 845 1554 spectantes
892 1495 1204 1552 symmetriam
1249 1493 1553 1552 cognoscimus
1598 1493 1726 1538 hanc.
1801 1493 1897 1550 (sex

394 1567 623 1611 orationes
669 1566 715 1609 in
761 1565 845 1609 hac
889 1565 1062 1609 fabella
1105 1566 1303 1618 exstant,
1351 1577 1541 1622 quarum
1586 1563 1697 1608 duas
1742 1565 1898 1622 partes

393 1637 566 1692 1—111,
598 1635 797 1680 IV—VI
828 1635 1163 1693 cognoscimus).

954 1740 1015 1784 ΙΙ.
1049 1740 1216 1798 (Gygis
1249 1740 1331 1793 or.)

955 1811 1113 1868 Gyges
1144 1811 1324 1854 recusat

1454 1741 1543 1785 111.
1575 1741 1712 1799 (regis
1745 1729 1827 1799 br.)

1397 1811 1620 1856 recusatio
1650 1811 1895 1867 refutatum

430 1746 467 1789 I.
506 1746 644 1803 (regis
676 1745 839 1801 oratio)

433 1831 513 1860 rex
547 1815 838 1868 adhortatur:

425 1885 552 1943 Gygi
583 1884 851 1943 persuadere

535 1958 736 1999 conatur.

425 2041 507 2085 IV.
540 2042 740 2098 (reginae
773 2041 853 2098 or.)

397 2111 558 2168 regina
592 2110 879 2165 adhortatum

466 2180 645 2237 Gygem
677 2180 811 2236 cogit.

953 2040 1010 2085 V.
1042 2039 1211 2097 (Gygis
1245 2039 1327 2095 or.)

927 2110 1085 2166 Gyges
1117 2108 1350 2152 consilium

955 2179 1075 2237 petit
1106 2193 1134 2222 a
1164 2178 1322 2234 regina

1429 2037 1511 2081 VI.
1546 2037 1748 2096 (reginae
1779 2035 1862 2094 or.)

1452 2106 1688 2151 consilium
1716 2121 1850 2165 expo-

1579 2176 1717 2220 nitur.

518 2286 643 2339 Quae
686 2285 844 2328 harum
889 2285 1143 2328 orationum
1190 2285 1421 2326 structura
1451 2281 1537 2334 sit,
1579 2295 1694 2339 quae
1729 2295 1801 2324 res
1829 2279 1901 2324 his

401 2355 679 2399 orationibus
721 2355 1039 2398 contineantur
1070 2355 1208 2411 atque
1239 2351 1504 2404 efficiantur,
1544 2360 1662 2394 nunc
1691 2351 1902 2395 accurate

401 2429 470 2469 est
502 2424 816 2482 quaerendum.

515 2495 551 2537 Ι.
615 2493 866 2538 Candaules
889 2492 1031 2567 Gygi,
1064 2495 1117 2535 ut
1142 2490 1351 2548 reginam
1382 2491 1557 2547 spectet
1587 2487 1765 2543 nudam,
1797 2488 1901 2534 vult

401 2564 683 2622 persuadere.

427 2652 431 2655 ’
517 2634 579 2677 Π.
643 2633 801 2690 Gyges
833 2633 1035 2689 reginam
1067 2630 1410 2689 pulcherrimam
1443 2645 1538 2673 esse
1569 2627 1786 2683 concedit,
1830 2643 1899 2672 re-

403 2708 543 2757 cusat,
577 2718 603 2746 a
634 2718 753 2759 rege,
784 2717 839 2745 ne
870 2701 1074 2759 postulet
1104 2700 1199 2755 hoc,
1245 2699 1378 2757 petit.
1440 2714 1603 2756 magna
1634 2713 1738 2757 pars
1768 2697 1903 2742 huius

405 2773 622 2817 orationis
655 2772 979 2815 recusationem
1012 2770 1213 2814 continet
1245 2768 1408 2826 Gygis,
1453 2769 1530 2826 qui
1562 2768 1796 2812 consilium
1825 2766 1903 2812 de-

403 2858 524 2887 mens
556 2841 792 2899 repudiare
823 2840 1017 2885 videtur.

1397 1881 1631 1926 consilium
1643 1881 1896 1939 exponitur.
1975 1883 1981 1886 ’

2020 3111 2060 3250 &223ss
